
@PREAMBLE{ {\providecommand{\noopsort}[1]{}} }

@online{vitruvFrameworkGithub,
  author  = {{Vitruv Tools}},
  title   = {\noopsort{vitruv4}\vitruv\ {Framework (GitHub)}},
  url     = {https://github.com/vitruv-tools/Vitruv},
  urldate = {2020-08-27},
  note    = {Move to archive}
}

@online{vitruvCBSEGithub,
  author  = {{Vitruv Tools}},
  title   = {\noopsort{vitruv4}\vitruv\ {Component-based Systems Case Study (GitHub)}},
  url     = {https://github.com/vitruv-tools/Vitruv-Applications-ComponentBasedSystems},
  urldate = {2020-08-27},
  note    = {Move to archive}
}

@online{decompositionGithub,
  author  = {Aur√©lien Pepin},
  title   = {{Decomposition GitHub Repository}},
  url     = {https://github.com/aurelienpepin/KIT_ConsistencyPreservation_Decomposition},
  urldate = {2020-08-27},
  note    = {Move to archive}
}