@inproceedings{freund2007a,
  address   = {Berlin, Heidelberg},
  author    = {Freund, Ulrich},
  booktitle = {Proceedings of the 2007 International Dagstuhl Conference on Model-based Engineering of Embedded Real-time Systems},
  isbn      = {978-3-642-16276-3},
  pages     = {355--360},
  publisher = {Springer-Verlag},
  series    = {MBEERTS'07},
  title     = {{Representation of Automotive Software Description Means in ASCET}},
  url       = {http://dl.acm.org/citation.cfm?id=1927558.1927581},
  year      = {2010}
}

@inproceedings{wolff2014a,
  author    = {Wolff, Carsten and Krawczyk, Lukas and H{\"{o}}ttger, Robert and Brink, Christopger and Lauschner, Uwe and Fruhner, Daniel and Kamsties, Erik and Igel, Burkhard},
  booktitle = {2015 IEEE 8th International Conference on Intelligent Data Acquisition and Advanced Computing Systems: Technology and Applications (IDAACS)},
  doi       = {10.1109/IDAACS.2015.7341359},
  month     = sep,
  pages     = {515--520},
  title     = {{AMALTHEA -- Tailoring tools to projects in automotive software development}},
  volume    = {2},
  year      = {2015}
}

@book{automationML,
  author = {{International Electrotechnical Commission (IEC)}},
  title  = {{IEC 62714-1:2018 -- Engineering data exchange format for use in industrial automation systems engineering - Automation Markup Language}},
  month  = Apr,
  year   = {2018}
}

@online{amalthea,
  author  = {{ITEA}},
  title   = {{AMALTHEA4public -- An Open Platform Project for Embedded Multicore Systems}},
  url     = {http://www.amalthea-project.org/},
  urldate = {2020-02-12}
}

@online{ascet,
  author  = {{ETAS Group}},
  title   = {{ASCET-DEVELOPER}},
  url     = {https://www.etas.com/ascet},
  urldate = {2020-02-12}
}

@online{simulink,
  author  = {{MathWorks}},
  title   = {{Simulink -- Simulation and Model-Based Design -- MATLAB \& Simulink}},
  url     = {https://www.mathworks.com/products/simulink.html},
  urldate = {2020-02-12}
}

@book{scheid2015autosar,
  title     = {AUTOSAR Compendium - Part 1: Application and RTE},
  author    = {Scheid, Oliver},
  isbn      = {9781502751522},
  series    = {AUTOSAR - Compendium Series},
  year      = {2015},
  publisher = {CreateSpace Independent Publishing Platform}
}

@incollection{giese2010a,
  author    = {Giese, Holger and Hildebrandt, Stephan and Neumann, Stefan},
  title     = {Model Synchronization at Work: Keeping SysML and AUTOSAR Models Consistent},
  booktitle = {Graph Transformations and Model-Driven Engineering},
  series    = {Lecture Notes in Computer Science},
  editor    = {Engels, Gregor and Lewerentz, Claus and Sch\"{a}fer, Wilhelm and Sch\"{u}rr, Andy and Westfechtel, Bernhard},
  publisher = {Springer Berlin / Heidelberg},
  isbn      = {978-3-642-17321-9},
  pages     = {555-579},
  volume    = {5765},
  year      = {2010},
  url       = {http://dx.doi.org/10.1007/978-3-642-17322-6_24}
}

@inproceedings{mazkatli2017ase,
  title     = {Automotive Systems Modelling with Vitruvius},
  author    = {Mazkatli, Manar and Burger, Erik and Koziolek, Anne and Reussner, Ralf H.},
  booktitle = {15. Workshop Automotive Software Engineering},
  venue     = {Chemnitz},
  year      = {2017},
  isbn      = {978-3-88579-669-5},
  issn      = {1617-5468},
  pages     = {1487--1498},
  volume    = {P-275},
  doi       = {10.18420/in2017_148},
  publisher = {Gesellschaft f√ºr Informatik, Bonn},
  series    = {Lecture Notes in Informatics (LNI)},
  editors   = {Maximilian Eibl and Martin Gaedke},
  pdf       = {http://sdqweb.ipd.kit.edu/publications/pdfs/mazkatli2017ase.pdf},
  url       = {https://dx.doi.org/10.18420/in2017_148}
}

@mastersthesis{mazkatli2016ma,
  author = {Manar Mazkatli},
  title  = {{Consistency Preservation in the Development Process of Automotive Software}},
  school = {Karlsruhe Institute of Technology (KIT)},
  year   = {2016},
  pdf    = {http://sdqweb.ipd.kit.edu/publications/pdfs/mazkatli2016a.pdf}
}

@book{laplante2012RequirementsEngineering-Book,
  address         = {USA},
  author          = {Laplante, Phillip A},
  edition         = {2nd},
  isbn            = {978-1-4665-6081-9},
  publisher       = {Auerbach Publications},
  title           = {{Requirements Engineering for Software and Systems}},
  year            = {2013}
}

@online{EclipseOCL,
  author  = {{Eclipse Foundation, Inc.}},
  title   = {{Eclipse OCL (Object Constraint Language)}},
  year    = 2020,
  url     = {https://projects.eclipse.org/projects/modeling.mdt.ocl},
  urldate = {2020-08-24}
}

@online{EclipseQVTd,
  author  = {{Eclipse Foundation, Inc.}},
  title   = {{Eclipse QVTd (QVT Declarative)}},
  year    = 2020,
  url     = {https://projects.eclipse.org/projects/modeling.mmt.qvtd},
  urldate = {2020-08-24}
}

@online{EclipseMMT,
  author  = {{Eclipse Foundation, Inc.}},
  title   = {{Model to Model Transformation (MMT)}},
  year    = 2020,
  url     = {https://www.eclipse.org/mmt/},
  urldate = {2020-08-24}
}

