@article{brandstaedt1998hypertrees,
  author     = {Brandst\"{a}dt, Andreas and Dragan, Feodor and Chepoi, Victor and Voloshin, Vitaly},
  title      = {Dually Chordal Graphs},
  year       = {1998},
  issue_date = {Aug. 1998},
  publisher  = {Society for Industrial and Applied Mathematics},
  address    = {USA},
  volume     = {11},
  number     = {3},
  issn       = {0895-4801},
  url        = {https://doi.org/10.1137/S0895480193253415},
  doi        = {10.1137/S0895480193253415},
  journal    = {SIAM J. Discret. Math.},
  month      = aug,
  pages      = {437â€“455},
  numpages   = {19}
}
