@inproceedings{ananieva2018a,
  author    = {Ananieva, Sofia and Klare, Heiko and Burger, Erik and Reussner, Ralf},
  booktitle = {12th International Workshop on Variability Modelling of Software-Intensive Systems (VAMOS 2018)},
  doi       = {10.1145/3168365.3168377},
  pages     = {3--10},
  publisher = {ACM},
  title     = {{Variants and Versions Management for Models with Integrated Consistency Preservation}},
  year      = {2018}
}

@inproceedings{ananieva2019a,
  author    = {Ananieva, Sofia and Kehrer, Timo and Klare, Heiko and Koziolek, Anne and L{\"{o}}nn, Henrik and Sethu, Ramesh and Burger, Andreas and Taentzer, Gabriele and Westfechtel, Bernhard},
  booktitle = {23rd International Systems and Software Product Line Conference (SPLC 2019)},
  doi       = {10.1145/3307630.3342412},
  publisher = {ACM},
  volume    = {B},
  title     = {{Towards a Conceptual Model for Unifying Variability in Space and Time}},
  year      = {2019}
}

@incollection{ananieva2019dagstuhl,
  address   = {Dagstuhl, Germany},
  author    = {Ananieva, Sofia and Berger, Thorsten and Burger, Andreas and Kehrer, Timo and Klare, Heiko and Koziolek, Anne and L{\"{o}}nn, Henrik and Sethu, Ramesh and Taentzer, Gabriele and Westfechtel, Bernhard},
  booktitle = {Software Evolution in Time and Space: Unifying Version and Variability Management (Dagstuhl Seminar 19191)},
  doi       = {10.4230/DagRep.9.5.1},
  editor    = {Berger, Thorsten and Chechik, Marsha and Kehrer, Timo and Wimmer, Manuel},
  issn      = {2192-5283},
  number    = {5},
  pages     = {21--24},
  publisher = {Schloss Dagstuhl--Leibniz-Zentrum f{\"{u}}r Informatik},
  series    = {Dagstuhl Reports},
  title     = {{Conceptual Modeling Group}},
  url       = {http://drops.dagstuhl.de/opus/volltexte/2019/11379},
  volume    = {9},
  year      = {2019}
}

@inproceedings{ananieva2020c,
  author    = {Ananieva, Sofia and Greiner, Sandra and K{\"{u}}hn, Thomas and Kr{\"{u}}ger, Jacob and Linsbauer, Lukas and Gr{\"{u}}ner, Sten and Kehrer, Timo and Klare, Heiko and Koziolek, Anne and L{\"{o}}nn, Henrik and Krieter, Sebastian and Seidl, Christoph and Ramesh, Sethu and Reussner, Ralf and Westfechtel, Bernhard},
  booktitle = {24th ACM Conference on Systems and Software Product Line (SPLC 2020)},
  volume    = {A},
  doi       = {10.1145/3382025.3414955},
  pages     = {1--12},
  publisher = {ACM},
  title     = {{A conceptual model for unifying variability in space and time}},
  year      = {2020}
}

@mastersthesis{chen2017ba,
  title   = {{Ã„nderungsgetriebene Konsistenzhaltung zwischen UML-Klassen\-modellen und Java-Code}},
  author  = {Chen, Fei},
  year    = {2017},
  school  = {Karlsruhe Institute of Technology (KIT)},
  type    = {Bachelor's Thesis},
  address = {Karlsruhe, Germany}
}
@mastersthesis{gleitze2017a,
  address = {Karlsruhe, Germany},
  author  = {Gleitze, Joshua},
  doi     = {10.5445/IR/1000076905},
  school  = {Karlsruhe Institute of Technology (KIT)},
  title   = {{A Declarative Language for Preserving Consistency of Multiple Models}},
  type    = {Bachelor's Thesis},
  year    = {2017}
}

@inproceedings{gleitze2021orchestration-FASE,
  note      = {Nominated for EASST best paper award},
  author    = {Gleitze, Joshua and Klare, Heiko and Burger, Erik},
  booktitle = {24th International Conference on Fundamental Approaches to Software Engineering (FASE 2021)},
  publisher = {Springer International Publishing},
  title     = {{Finding a Universal Execution Strategy for Model Transformation Networks}},
  doi       = {10.1007/978-3-030-71500-7_5},
  pages     = {87--107},
  year      = {2021}
}

@inproceedings{guissouma2018study,
  author    = {Guissouma, Houssem and Klare, Heiko and Sax, Eric and Burger, Erik},
  booktitle = {44th Euromicro Conference on Software Engineering and Advanced Applications (SEAA 2018)},
  doi       = {10.1109/SEAA.2018.00056},
  pages     = {298--305},
  publisher = {IEEE},
  title     = {{An Empirical Study on the Current and Future Challenges of Automotive Software Release and Configuration Management}},
  year      = {2018}
}

@inproceedings{heinrich2018icse,
  author    = {Heinrich, Robert and Werle, Dominik and Klare, Heiko and Reussner, Ralf and Kramer, Max and Becker, Steffen and Happe, Jens and Koziolek, Heiko and Krogmann, Klaus},
  booktitle = {40th International Conference on Software Engineering: Companion Proceedings (ICSE 2018)},
  doi       = {10.1145/3183440.3183474},
  pages     = {37--40},
  publisher = {ACM},
  title     = {{The Palladio-Bench for Modeling and Simulating Software Architectures}},
  year      = {2018}
}

@mastersthesis{hennig2020ma,
  title   = {{Describing Consistency Relations of Multiple Models with Commonalities}},
  author  = {Hennig, Lukas},
  year    = {2020},
  school  = {Karlsruhe Institute of Technology (KIT)},
  type    = {Master's Thesis},
  address = {Karlsruhe, Germany}
}

@inproceedings{klare2016a,
  author       = {Klare, Heiko and Langhammer, Michael and Kramer, Max E},
  booktitle    = {4th Workshop on View-Based, Aspect-Oriented and Orthographic Software Modelling (VAO 2016)},
  doi          = {10.5445/IR/1000053686},
  number       = {7},
  organization = {Karlsruhe Institute of Technology (KIT)},
  pages        = {11--18},
  series       = {Karlsruhe Reports in Informatics},
  title        = {{Projecting UML Class Diagrams from Java Code Models}},
  volume       = {2016},
  year         = {2016}
}

@mastersthesis{klare2016b,
  address = {Karlsruhe},
  author  = {Klare, Heiko},
  doi     = {10.5445/IR/1000080138},
  school  = {Karlsruhe Institute of Technology (KIT)},
  title   = {{Designing a Change-Driven Language for Model Consistency Repair Routines}},
  type    = {Master's Thesis},
  year    = {2016}
}

@inproceedings{klare2017models,
  author    = {Klare, Heiko and Burger, Erik and Kramer, Max E and Langhammer, Michael and Saglam, Timur and Reussner, Ralf},
  booktitle = {20th ACM/IEEE International Conference on Model Driven Engineering Languages and Systems (MODELS 2017)},
  doi       = {10.1109/MODELS.2017.30},
  publisher = {IEEE},
  title     = {{Ecoreification: Making Arbitrary Java Code Accessible to Metamodel-Based Tools}},
  year      = {2017}
}

@inproceedings{klare2018docsym,
  author    = {Klare, Heiko},
  booktitle = {21st ACM/IEEE International Conference on Model Driven Engineering Languages and Systems: Companion Proceedings (MODELS 2018)},
  doi       = {10.1145/3270112.3275335},
  pages     = {156--161},
  publisher = {ACM},
  title     = {{Multi-Model Consistency Preservation}},
  year      = {2018}
}

@incollection{klare2019dagstuhl,
  address   = {Dagstuhl, Germany},
  author    = {Tichy, Matthias and Klare, Heiko},
  booktitle = {Multidirectional Transformations and Synchronisations (Dagstuhl Seminar 18491)},
  doi       = {10.4230/DagRep.8.12.1},
  number    = {12},
  pages     = {16--20},
  publisher = {Schloss Dagstuhl--Leibniz-Zentrum f{\"{u}}r Informatik},
  series    = {Dagstuhl Reports},
  title     = {{Human Factors: Interests of Transformation Developers and Users}},
  volume    = {8},
  year      = {2019}
}

@article{klare2019icmt,
  note    = {The 12th International Conference on Model Transformations (ICMT 2019)},
  author  = {Klare, Heiko and Syma, Torsten and Burger, Erik and Reussner, Ralf},
  doi     = {10.5381/jot.2019.18.3.a4},
  journal = {Journal of Object Technology},
  number  = {3},
  pages   = {4:1--20},
  title   = {{A Categorization of Interoperability Issues in Networks of Transformations}},
  volume  = {18},
  year    = {2019}
}

@inproceedings{klare2019models,
  author    = {Klare, Heiko and Gleitze, Joshua},
  booktitle = {22nd ACM/IEEE International Conference on Model Driven Engineering Languages and Systems Companion (MODELS 2019)},
  doi       = {10.1109/MODELS-C.2019.00058},
  pages     = {371--378},
  publisher = {IEEE},
  title     = {{Commonalities for Preserving Consistency of Multiple Models}},
  year      = {2019}
}

@inproceedings{klare2019modelsward,
  author       = {Klare, Heiko and Saglam, Timur and Burger, Erik and Reussner, Ralf},
  booktitle    = {7th International Conference on Model-Driven Engineering and Software Development (MODELSWARD 2019)},
  doi          = {10.5220/0007246202190230},
  organization = {INSTICC},
  pages        = {219--230},
  publisher    = {SCiTePress},
  title        = {{Applying Metamodel-based Tooling to Object-oriented Code}},
  volume       = {1},
  year         = {2019}
}

@techreport{klare2020compatibility-report,
  address     = {Karlsruhe},
  author      = {Klare, Heiko and Pepin, Aur{\'{e}}lien and Burger, Erik and Reussner, Ralf},
  doi         = {10.5445/IR/1000121444},
  institution = {Karlsruhe Institute of Technology (KIT)},
  number      = {3},
  note        = {Karlsruhe Reports in Informatics},
  title       = {{A Formal Approach to Prove Compatibility in Transformation Networks}},
  volume      = {2020},
  year        = {2020}
}

@misc{klare2020Vitruv-JSSreproduction,
  author    = {Klare, Heiko},
  doi       = {10.5445/IR/1000123568},
  publisher = {Karlsruhe Institute of Technology (KIT)},
  title     = {{Reproduction Package for Evaluating the Vitruvius Approach}},
  year      = {2020}
}

@article{klare2021Vitruv-JSS,
  author  = {Klare, Heiko and Kramer, Max E and Langhammer, Michael and Werle, Dominik and Burger, Erik and Reussner, Ralf},
  doi     = {10.1016/j.jss.2020.110815},
  journal = {Journal of Systems and Software},
  title   = {{Enabling consistency in view-based system development -- The Vitruvius approach}},
  volume  = {171},
  year    = {2021}
}

@inproceedings{kramer2016c,
  author    = {Kramer, Max E and Hinkel, Georg and Klare, Heiko and Langhammer, Michael and Burger, Erik},
  booktitle = {2nd International Workshop on Human Factors in Modeling co-located with 19th ACM/IEEE International Conference on Model Driven Engineering Languages and Systems (MODELS 2016)},
  pages     = {11--18},
  publisher = {CEUR-WS.org},
  series    = {CEUR Workshop Proceedings},
  title     = {{A Controlled Experiment Template for Evaluating the Understandability of Model Transformation Languages}},
  url       = {http://ceur-ws.org/Vol-1805/Kramer2016HuFaMo.pdf},
  volume    = {1805},
  year      = {2016}
}

@inproceedings{meier2019modelsward,
  author       = {Meier, Johannes and Klare, Heiko and Tunjic, Christian and Atkinson, Colin and Burger, Erik and Reussner, Ralf and Winter, Andreas},
  booktitle    = {7th International Conference on Model-Driven Engineering and Software Development (MODELSWARD 2019)},
  doi          = {10.5220/0007396401190130},
  organization = {INSTICC},
  pages        = {119--130},
  publisher    = {SCiTePress},
  title        = {{Single Underlying Models for Projectional, Multi-View Environments}},
  volume       = {1},
  year         = {2019}
}

@inproceedings{meier2020ccis,
  author    = {Meier, Johannes and Werner, Christopher and Klare, Heiko and Tunjic, Christian and A{\ss}mann, Uwe and Atkinson, Colin and Burger, Erik and Reussner, Ralf and Winter, Andreas},
  booktitle = {7th International Conference on Model-Driven Engineering and Software Development (MODELSWARD 2019)},
  doi       = {10.1007/978-3-030-37873-8_15},
  pages     = {350--375},
  publisher = {Springer International Publishing},
  series    = {Communications in Computer and Information Science},
  title     = {{Classifying Approaches for Constructing Single Underlying Models}},
  volume    = {1161},
  year      = {2020}
}

@mastersthesis{pepin2019ma,
  address = {Karlsruhe},
  author  = {Pepin, Aur{\'{e}}lien},
  doi     = {10.5445/IR/1000100374},
  school  = {Karlsruhe Institute of Technology (KIT)},
  title   = {{Decomposition of Relations for Multi-model Consistency Preservation}},
  type    = {Master's Thesis},
  year    = {2019}
}

@mastersthesis{saglam2017a,
  address = {Karlsruhe, Germany},
  author  = {Saglam, Timur},
  doi     = {10.5445/IR/1000070341},
  school  = {Karlsruhe Institute of Technology (KIT)},
  title   = {{Automatic Integration of Ecore Functionality into Java Code}},
  type    = {Bachelor's Thesis},
  year    = {2017}
}

@mastersthesis{saglam2020ma,
  address = {Karlsruhe, Germany},
  author  = {SaÄŸlam, Timur},
  doi     = {10.5445/IR/1000120806},
  school  = {Karlsruhe Institute of Technology (KIT)},
  title   = {{A Case Study for Networks of Bidirectional Transformations}},
  type    = {Master's Thesis},
  year    = {2020}
}

@techreport{sax2017survey,
  address     = {Karlsruhe},
  author      = {Sax, Eric and Reussner, Ralf and Guissouma, Houssemeddine and Klare, Heiko},
  doi         = {10.5445/IR/1000075673},
  institution = {Karlsruhe Institute of Technology (KIT)},
  number      = {11},
  note        = {Karlsruhe Reports in Informatics},
  title       = {{A Survey on the State and Future of Automotive Software Release and Configuration Management}},
  volume      = {2017},
  year        = {2017}
}

@mastersthesis{syma2018ma,
  address = {Karlsruhe},
  author  = {Syma, Torsten},
  doi     = {10.5445/IR/1000104128},
  school  = {Karlsruhe Institute of Technology (KIT)},
  title   = {{Multi-model Consistency through Transitive Combination of Binary Transformations}},
  type    = {Master's Thesis},
  year    = {2018}
}

@inproceedings{yurchenko2017architecture,
  author    = {Yurchenko, Kateryna and Behr, Moritz and Klare, Heiko and Kramer, Max and Reussner, Ralf},
  booktitle = {14th Workshop on Model Driven Engineering, Verification and Validation (MoDeVVa) co-located with 20th ACM/IEEE International Conference on Model Driven Engineering Languages and Systems (MODELS 2017)},
  pages     = {321--323},
  publisher = {CEUR-WS},
  series    = {CEUR Workshop Proceedings},
  title     = {{Architecture-Driven Reduction of Specification Overhead for Verifying Confidentiality in Component-Based Software Systems}},
  url       = {http://ceur-ws.org/Vol-2019/modevva{\_}4.pdf},
  volume    = {2019},
  year      = {2017}
}
