@inproceedings{ali2020ActionDrivenConsistency-SAM,
  author    = {Ali, Hyacinth and Mussbacher, Gunter and Kienzle, J{\"{o}}rg},
  booktitle = {12th System Analysis and Modelling Conference (SAM 2020)},
  doi       = {10.1145/3419804.3420270},
  pages     = {95--104},
  publisher = {ACM},
  title     = {{Action-Driven Consistency for Modular Multi-Language Systems with Perspectives}},
  year      = {2020}
}

@article{angel2018integration-CLSS,
  author  = {{\'{A}}ngel, Mora Segura and de Lara, Juan and Neubauer, Patrick and Wimmer, Manuel},
  doi     = {10.1016/j.cl.2018.02.002},
  issn    = {1477-8424},
  journal = {Computer Languages, Systems {\&} Structures},
  pages   = {90--120},
  title   = {{Automated modelling assistance by integrating heterogeneous information sources}},
  volume  = {53},
  year    = {2018}
}

@article{anjorin2012complexManipulationTGG-BX,
  annote    = {First International Workshop on Bidirectional Transformations (BX 2012)},
  author    = {Anjorin, Anthony and Varr{\'{o}}, Gergely and Sch{\"{u}}rr, Andy},
  doi       = {10.14279/tuj.eceasst.49.707},
  journal   = {Electronic Communications of the EASST},
  pages     = {1--16},
  publisher = {European Association of Software Science and Technology},
  title     = {{Complex Attribute Manipulation in TGGs with Constraint-Based Programming Techniques}},
  volume    = {49},
  year      = {2012}
}

@phdthesis{anjorin2014diss,
  year    = {2014},
  author  = {Anthony Anjorin},
  school  = {Technische Universit{\"a}t Darmstadt},
  title   = {Synchronization of Models on Different Abstraction Levels using Triple Graph Grammars},
  address = {Darmstadt},
  url     = {http://tuprints.ulb.tu-darmstadt.de/4399/}
}

@inproceedings{anjorin2014EfficientSynchronizationTGG-ECMFA,
  author    = {Anjorin, Anthony and Rose, Sebastian and Deckwerth, Frederik and Sch{\"{u}}rr, Andy},
  booktitle = {10th European Conference on Modelling Foundations and Applications (ECMFA 2014)},
  doi       = {10.1007/978-3-319-09195-2_1},
  editor    = {Cabot, Jordi and Rubin, Julia},
  pages     = {1--17},
  publisher = {Springer International Publishing},
  series    = {Lecture Notes in Computer Science},
  volume    = {8569},
  title     = {{Efficient Model Synchronization with View Triple Graph Grammars}},
  year      = {2014}
}

@article{anjorin2019bxBenchmark-SoSym,
  author  = {Anjorin, Anthony and Buchmann, Thomas and Westfechtel, Bernhard and Diskin, Zinovy and Ko, Hsiang-Shang and Eramo, Romina and Hinkel, Georg and Samimi-Dehkordi, Leila and Z{\"{u}}ndorf, Albert},
  doi     = {10.1007/s10270-019-00752-x},
  journal = {Software and Systems Modeling},
  number  = {3},
  pages   = {647--691},
  title   = {{Benchmarking bidirectional transformations: theory, implementation, application, and assessment}},
  volume  = {19},
  year    = {2020}
}

@inproceedings{anjorin2019provenance-tapp,
  author    = {Anjorin, Anthony and Cheney, James},
  booktitle = {11th International Workshop on Theory and Practice of Provenance (TaPP 2019)},
  publisher = {{\{}USENIX{\}} Association},
  title     = {{Provenance Meets Bidirectional Transformations}},
  url       = {https://www.usenix.org/conference/tapp2019/presentation/anjorin},
  year      = {2019}
}

@inproceedings{antkiewicz2008synchronizationDesignSpace-GTTSE,
  author    = {{Antkiewicz Micha{\l}and Czarnecki}, Krzysztof},
  booktitle = {International Summer School Generative and Transformational Techniques in Software Engineering II (GTTSE 2007)},
  doi       = {10.1007/978-3-540-88643-3_1},
  editor    = {L{\"{a}}mmel, Ralf and Visser, Joost and Saraiva, Jo{\~{a}}o},
  pages     = {3--46},
  publisher = {Springer Berlin Heidelberg},
  title     = {{Design Space of Heterogeneous Synchronization}},
  year      = {2008},
  series    = {Lecture Notes in Computer Science},
  volume    = {5235}
}

@incollection{armengaud2011Safety-WCE,
  author    = {Armengaud, Eric and Zoier, Markus and Baumgart, Andreas and Biehl, Matthias and Chen, DeJiu and Griessnig, Gerhard and Hein, Christian and Ritter, Tom and {Tavakoli Kolagari}, Ramin},
  booktitle = {SAE Technical Paper},
  doi       = {10.4271/2011-01-0056},
  publisher = {SAE International},
  volume    = {2011-01-0056},
  title     = {{Model-based Toolchain for the Efficient Development of Safety-Relevant Automotive Embedded Systems}},
  year      = {2011}
}

@article{atkinson2003mdd-Software,
  author    = {Atkinson, Colin and K{\"{u}}hne, Thomas},
  doi       = {10.1109/MS.2003.1231149},
  journal   = {IEEE Software},
  number    = {5},
  pages     = {36--41},
  publisher = {IEEE},
  title     = {{Model-Driven Development: A Metamodeling Foundation}},
  volume    = {20},
  year      = {2003}
}

@article{atkinson2008reducingAccidentalComplexity-SoSym,
  author    = {Atkinson, Colin and K{\"{u}}hne, Thomas},
  doi       = {10.1007/s10270-007-0061-0},
  journal   = {Software and Systems Modeling},
  number    = {3},
  pages     = {345--359},
  publisher = {Springer Berlin Heidelberg},
  title     = {{Reducing accidental complexity in domain models}},
  volume    = {7},
  year      = {2008}
}

@inproceedings{atkinson2010a,
  author    = {Atkinson, Colin and Stoll, Dietmar and Bostan, Philipp},
  title     = {{Orthographic Software Modeling: A Practical Approach to View-Based Development}},
  booktitle = {3rd and 4th International Conferences on Evaluation of Novel Approaches to Software Engineering (ENASE 2008/2009)},
  publisher = {Springer Berlin Heidelberg},
  year      = {2010},
  volume    = {69},
  series    = {Communications in Computer and Information Science},
  pages     = {206--219},
  doi       = {10.1007/978-3-642-14819-4_15}
}

@inproceedings{atkinson2014multilevel-MLM,
  author    = {Atkinson, Colin and Gerbig, Ralph and K{\"{u}}hne, Thomas},
  booktitle = {1st Workshop on Multi-Level Modelling co-located with ACM/IEEE 17th International Conference on Model Driven Engineering Languages and Systems (MODELS 2014)},
  publisher = {CEUR-WS.org},
  series    = {CEUR Workshop Proceedings},
  title     = {{Comparing multi-level modeling approaches}},
  url       = {http://ceÂ´ur-ws.org/Vol-1286/p6.pdf},
  pages     = {53--61},
  volume    = {1286},
  year      = {2014}
}

@inproceedings{atkinson2015realizationMultiView-EDOC,
  author    = {Atkinson, Colin and Tunjic, Christian and M{\"{o}}ller, Torben},
  booktitle = {2015 IEEE 19th International Enterprise Distributed Object Computing Conference (EDOC 2015)},
  doi       = {10.1109/EDOC.2015.17},
  pages     = {40--49},
  publisher = {IEEE},
  title     = {{Fundamental Realization Strategies for Multi-view Specification Environments}},
  year      = {2015}
}

@inproceedings{azizi2017ContractVerification-ICCKE,
  author    = {Azizi, Banafsheh and Zamani, Bahman and Kolahdouz-Rahimi, Shekoufeh},
  booktitle = {2017 7th International Conference on Computer and Knowledge Engineering (ICCKE 2017)},
  publisher = {IEEE},
  doi       = {10.1109/ICCKE.2017.8167945},
  pages     = {154--160},
  title     = {{Contract verification of ETL transformations}},
  year      = {2017}
}

@article{bancilhon1981viewUpdate-TDS,
  author    = {Bancilhon, F and Spyratos, N},
  doi       = {10.1145/319628.319634},
  journal   = {ACM Transactions on Database Systems},
  number    = {4},
  pages     = {557--575},
  publisher = {ACM},
  title     = {{Update Semantics of Relational Views}},
  volume    = {6},
  year      = {1981}
}

@article{basili1984GQM-TSE,
  annote    = {Basics of GQM},
  author    = {Basili, V R and Weiss, D M},
  doi       = {10.1109/TSE.1984.5010301},
  journal   = {IEEE Transactions on Software Engineering},
  publisher = {IEEE},
  number    = {6},
  pages     = {728--738},
  title     = {{A Methodology for Collecting Valid Software Engineering Data}},
  volume    = {SE-10},
  year      = {1984}
}

@inproceedings{bauer2011combiningCoverageChains-ICMT,
  author    = {Bauer, Eduard and K{\"{u}}ster, Jochen M},
  booktitle = {4th International Conference on Theory and Practice of Model Transformations (ICMT 2011)},
  doi       = {10.1007/978-3-642-21732-6_6},
  pages     = {78--92},
  publisher = {Springer Berlin Heidelberg},
  title     = {{Combining Specification-Based and Code-Based Coverage for Model Transformation Chains}},
  year      = {2011},
  series    = {Lecture Notes in Computer Science},
  volume    = {6707}
}

@inproceedings{beckert2002ocltranslation,
  author    = {Beckert, Bernhard and Keller, Uwe and Schmitt, Peter H.},
  booktitle = {Second Verification Workshop (VERIFY 2002) co-located with Federated Logic Conferences (FLoC 2002)},
  pages     = {113--123},
  title     = {{Translating the Object Constraint Language into First-order Predicate Logic}},
  year      = {2002}
}

@article{berardi2005umlreasoning,
  author    = {Berardi, Daniela and Calvanese, Diego and {De Giacomo}, Giuseppe},
  doi       = {10.1016/j.artint.2005.05.003},
  journal   = {Artificial Intelligence},
  number    = {1},
  pages     = {70--118},
  publisher = {Elsevier},
  title     = {{Reasoning on UML class diagrams}},
  volume    = {168},
  year      = {2005}
}

@article{bergmann2012changeDriven-SoSym,
  author    = {Bergmann, G{\'{a}}bor and R{\'{a}}th, Istv{\'{a}}n and Varr{\'{o}}, Gergely and Varr{\'{o}}, D{\'{a}}niel},
  doi       = {10.1007/s10270-011-0197-9},
  journal   = {Software and Systems Modeling},
  number    = {3},
  pages     = {431--461},
  publisher = {Springer Berling Heidelberg},
  title     = {{Change-driven model transformations}},
  volume    = {11},
  year      = {2012}
}

@inproceedings{bergmann2015viatra-ICMT,
  title     = {Viatra 3: A Reactive Model Transformation Platform},
  author    = {Bergmann, G{\'a}bor and D{\'a}vid, Istv{\'a}n and Heged{\"u}s, {\'A}bel and Horv{\'a}th, {\'A}kos and R{\'a}th, Istv{\'a}n and Ujhelyi, Zolt{\'a}n and Varr{\'o}, D{\'a}niel},
  booktitle = {8th International Conference on Theory and Practice of Model Transformations (ICMT 2015)},
  series    = {Lecture Notes in Computer Science},
  volume    = {9152},
  doi       = {10.1007/978-3-319-21155-8_8},
  pages     = {101--110},
  year      = {2015},
  publisher = {Springer International Publishing}
}

@book{bettini2016Xtext-Book,
  author    = {Bettini, Lorenzo},
  doi       = {10.5555/3074444},
  edition   = {2nd},
  isbn      = {1786464969},
  publisher = {Packt Publishing},
  title     = {{Implementing Domain Specific Languages with Xtext and Xtend - Second Edition}},
  year      = {2016}
}

@article{bezivin2005sosym,
  author    = {B{\'{e}}zivin, Jean},
  doi       = {10.1007/s10270-005-0079-0},
  journal   = {Software and Systems Modeling},
  number    = {2},
  pages     = {171--188},
  publisher = {Springer Berlin Heidelberg},
  title     = {{On the unification power of models}},
  volume    = {4},
  year      = {2005}
}

@article{braga2014consistencyTransformations-SCP,
  author  = {Braga, Christiano and Santos, C{\'{a}}ssio and da Silva, Viviane Torres},
  doi     = {10.1016/j.scico.2013.08.013},
  journal = {Science of Computer Programming},
  pages   = {86--104},
  title   = {{Consistency of model transformation contracts}},
  volume  = {92},
  year    = {2014}
}

@article{brooks1987NoSilverBullet-Computer,
  author  = {Brooks, Frederick P.},
  doi     = {10.1109/MC.1987.1663532},
  journal = {IEEE Computer},
  number  = {4},
  pages   = {10--19},
  title   = {{No Silver Bullet Essence and Accidents of Software Engineering}},
  volume  = {20},
  year    = {1987}
}

@article{bruel2020transformationReuse-SoSym,
  author  = {Bruel, Jean-Michel and Combemale, Benoit and Guerra, Esther and J{\'{e}}z{\'{e}}quel, Jean-Marc and Kienzle, J{\"{o}}rg and de Lara, Juan and Mussbacher, Gunter and Syriani, Eugene and Vangheluwe, Hans},
  doi     = {10.1007/s10270-019-00762-9},
  journal = {Software and Systems Modeling},
  number  = {2},
  pages   = {441--465},
  title   = {{Comparing and classifying model transformation reuse approaches across metamodels}},
  volume  = {19},
  year    = {2020}
}

@inproceedings{buchmann2018bxtend-Modelsward,
  author    = {Buchmann, Thomas},
  booktitle = {6th International Conference on Model-Driven Engineering and Software Development (MODELSWARD 2018)},
  doi       = {10.5220/0006563503360345},
  pages     = {336--345},
  publisher = {SciTePress},
  title     = {{BXtend - {\{}A{\}} Framework for (Bidirectional) Incremental Model Transformations}},
  year      = {2018}
}

@inproceedings{buettner2012models,
  author    = {B{\"{u}}ttner, Fabian and Egea, Marina and Cabot, Jordi},
  booktitle = {15th International Conference Model Driven Engineering Languages and Systems (MODELS 2012)},
  doi       = {10.1007/978-3-642-33666-9_28},
  pages     = {432--448},
  publisher = {Springer Berlin Heidelberg},
  title     = {{On Verifying ATL Transformations Using `off-the-shelf' SMT Solvers}},
  year      = {2012},
  series    = {Lecture Notes in Computer Science},
  volume    = {7590}
}

@article{burgueno2019futureTransformationLanguages-ICMT,
  annote  = {The 12th International Conference on Model Transformations (ICMT 2019)},
  author  = {Burgue{\~{n}}o, Loli and Cabot, Jordi and G{\'{e}}rard, S{\'{e}}bastien},
  doi     = {10.5381/jot.2019.18.3.a7},
  journal = {Journal of Object Technology},
  number  = {3},
  pages   = {7:1--11},
  title   = {{The Future of Model Transformation Languages: An Open Community Discussion}},
  volume  = {18},
  year    = {2019}
}

@book{buschmann1996PatternsArchitecture-Book,
  author    = {Buschmann, Frank and Meunier, Regine and Rohnert, Hans and Sommerlad, Peter and Stal, Michael},
  doi       = {10.5555/249013},
  publisher = {Wiley Publishing},
  title     = {{Pattern-Oriented Software Architecture - Volume 1: A System of Patterns}},
  year      = {1996}
}

@article{cabot2010VerificationInvariants-JSS,
  address   = {USA},
  author    = {Cabot, Jordi and Claris{\'{o}}, Robert and Guerra, Esther and de Lara, Juan},
  doi       = {10.1016/j.jss.2009.08.012},
  journal   = {Journal of Systems and Software},
  number    = {2},
  pages     = {283--302},
  publisher = {Elsevier Science Inc.},
  title     = {{Verification and Validation of Declarative Model-to-Model Transformations through Invariants}},
  volume    = {83},
  year      = {2010}
}

@article{calegari2013verificationTransformations-ENTCS,
  author  = {Calegari, Daniel and Szasz, Nora},
  doi     = {10.1016/j.entcs.2013.02.002},
  journal = {Electronic Notes in Theoretical Computer Science},
  title   = {{Verification of model transformations: A survey of the state-of-the-art}},
  volume  = {292},
  year    = {2013},
  pages   = {5--25}
}

@inbook{carreira2020mpm4cpsfoundations,
  author    = {Carreira, Paulo and Amaral, Vasco and Vangheluwe, Hans},
  booktitle = {Foundations of Multi-Paradigm Modelling for Cyber-Physical Systems},
  doi       = {10.1007/978-3-030-43946-0_1},
  editor    = {Carreira, Paulo and Amaral, Vasco and Vangheluwe, Hans},
  pages     = {1--14},
  publisher = {Springer International Publishing},
  title     = {{Multi-Paradigm Modelling for Cyber-Physical Systems: Foundations}},
  year      = {2020}
}

@article{cheney2017LeastChangeBx-JOT,
  author  = {Cheney, James and Gibbons, Jeremy and McKinna, James and Stevens, Perdita},
  doi     = {10.5381/jot.2017.16.1.a3},
  journal = {Journal of Object Technology},
  number  = {1},
  pages   = {3:1--31},
  title   = {{On principles of Least Change and Least Surprise for bidirectional transformations}},
  volume  = {16},
  year    = {2017}
}

@inproceedings{cicchetti2006asp-EDOCW,
  address   = {Washington, DC, USA},
  author    = {Cicchetti, Antonio and {Di Ruscio}, Davide and Eramo, Romina},
  booktitle = {2006 10th IEEE International Enterprise Distributed Object Computing Conference Workshops (EDOCW'06)},
  doi       = {10.1109/EDOCW.2006.68},
  pages     = {24},
  publisher = {IEEE},
  title     = {{Towards Propagation of Changes by Model Approximations}},
  year      = {2006}
}

@article{cicchetti2012hybridMultiView-EASST,
  annote  = {5th International Workshop on Multi-Paradigm Mod-elling: Concepts and Tools (MPM).},
  author  = {Cicchetti, Antonio and Ciccozzi, Federico and Leveque, Thomas},
  journal = {Electronic Communications of the EASST},
  pages   = {1--12},
  title   = {{A hybrid approach for multi-view modeling}},
  volume  = {50},
  year    = {2012}
}

@article{cicchetti2019multiview-SoSym,
  author  = {Cicchetti, Antonio and Ciccozzi, Federico and Pierantonio, Alfonso},
  doi     = {10.1007/s10270-018-00713-w},
  journal = {Software and Systems Modeling},
  number  = {6},
  pages   = {3207--3233},
  title   = {{Multi-view approaches for software and system modelling: a systematic literature review}},
  volume  = {18},
  year    = {2019}
}

@article{cleve2019dagstuhl,
  author    = {Anthony Cleve and Ekkart Kindler and Perdita Stevens and Vadim Zaytsev},
  title     = {{Multidirectional Transformations and Synchronisations (Dagstuhl Seminar 18491)}},
  pages     = {1--48},
  journal   = {Dagstuhl Reports},
  year      = {2019},
  volume    = {8},
  number    = {12},
  publisher = {Schloss Dagstuhl--Leibniz-Zentrum fuer Informatik},
  doi       = {10.4230/DagRep.8.12.1}
}

@inproceedings{cuadrado2008a,
  author    = {{S{\'{a}}nchez Cuadrado}, Jes{\'{u}}s and {Garc{\'{i}}a Molina}, Jes{\'{u}}s},
  booktitle = {First International Conference on Theory and Practice of Model Transformations (ICMT 2008)},
  pages     = {168--182},
  publisher = {Springer Berlin Heidelberg},
  series    = {Lecture Notes in Computer Science},
  title     = {{Approaches for Model Transformation Reuse: Factorization and Composition}},
  volume    = {5063},
  year      = {2008}
}

@article{cuadrado2017tse,
  author  = {Cuadrado, Jes{\'{u}}s S{\'{a}}nchez and Guerra, Sther and de Lara, Juan},
  doi     = {10.1109/TSE.2016.2635137},
  issn    = {2326-3881},
  journal = {IEEE Transactions on Software Engineering},
  number  = {9},
  pages   = {868--897},
  title   = {{Static Analysis of Model Transformations}},
  volume  = {43},
  year    = {2017}
}

@article{cuadrado2019OclOptimization-SoSym,
  author    = {Cuadrado, Jes{\'{u}}s S{\'{a}}nchez},
  doi       = {10.1007/s10270-019-00740-1},
  journal   = {Software and Systems Modeling},
  number    = {5},
  pages     = {1139--1161},
  publisher = {Springer Berlin Heidelberg},
  title     = {{A verified catalogue of OCL optimisations}},
  volume    = {19},
  year      = {2019}
}

@inproceedings{czarnecki2003a,
  author    = {Krzysztof Czarnecki and Simon Helsen},
  title     = {{Classification of Model Transformation Approaches}},
  booktitle = {2nd OOPSLA Workshop on Generative Techniques in the Context of the Model	Driven Architecture},
  year      = {2003},
  url       = {http://www.softmetaware.com/oopsla2003/czarnecki.pdf}
}

@article{czarnecki2006a,
  author    = {Czarnecki, Krzysztof and Helsen, Simon},
  doi       = {10.1147/sj.453.0621},
  journal   = {IBM Systems Journal},
  number    = {3},
  pages     = {621--645},
  publisher = {IBM},
  title     = {{Feature-based Survey of Model Transformation Approaches}},
  volume    = {45},
  year      = {2006}
}

@inproceedings{dantas2005umlsync-ISPSE,
  author    = {Dantas, Cristine R. and Murta, Leonardo G. P. and Werner, Cl{\'{a}}udia M. L.},
  booktitle = {Eighth International Workshop on Principles of Software Evolution (IWPSE 2005)},
  doi       = {10.1109/IWPSE.2005.10},
  issn      = {2332-5682},
  pages     = {144--147},
  publisher = {IEEE},
  title     = {{Consistent evolution of UML models by automatic detection of change traces}},
  year      = {2005}
} 

@article{dayal1982viewUpdate-TDS,
  author    = {Dayal, Umeshwar and Bernstein, Philip A},
  doi       = {10.1145/319732.319740},
  journal   = {ACM Transactions on Database Systems},
  number    = {3},
  pages     = {381--416},
  publisher = {ACM},
  title     = {{On the Correct Translation of Update Operations on Relational Views}},
  volume    = {7},
  year      = {1982}
}

@inproceedings{delara2018transformationProductLines-Models,
  author    = {de Lara, Juan and Guerra, Esther and Chechik, Marsha and Salay, Rick},
  booktitle = {21th ACM/IEEE International Conference on Model Driven Engineering Languages and Systems (MODELS 2018)},
  doi       = {10.1145/3239372.3239377},
  pages     = {67--77},
  publisher = {ACM},
  title     = {{Model Transformation Product Lines}},
  url       = {http://doi.acm.org/10.1145/3239372.3239377 http://dl.acm.org/citation.cfm?doid=3239372.3239377},
  year      = {2018}
}

@article{delara2019transformationResue-TOSEM,
  author    = {Lara, Juan De and Guerra, Esther and Ruscio, Davide Di and Rocco, Juri Di and Cuadrado, Jes{\'{u}}s S$\backslash$'nchez and Iovino, Ludovico and Pierantonio, Alfonso},
  doi       = {10.1145/3340108},
  issn      = {1049-331X},
  journal   = {ACM Transactions on Software Engineering and Methodology},
  number    = {4},
  pages     = {21:1--21:62},
  publisher = {ACM},
  title     = {{Automated Reuse of Model Transformations Through Typing Requirements Models}},
  volume    = {28},
  year      = {2019}
}

@inproceedings{demuth2015designSpace-SAC,
  author    = {Demuth, Andreas and Riedl-Ehrenleitner, Markus and N{\"{o}}hrer, Alexander and Hehenberger, Peter and Zeman, Klaus and Egyed, Alexander},
  booktitle = {30th Annual ACM Symposium on Applied Computing (SAC 2015)},
  doi       = {10.1145/2695664.2695697},
  pages     = {1486--1491},
  publisher = {ACM},
  title     = {{DesignSpace: An Infrastructure for Multi-user/Multi-tool Engineering}},
  year      = {2015}
}

@inproceedings{denton2008naomi-Models,
  author    = {Denton, Trip and Jones, Edward and Srinivasan, Srini and Owens, Ken and Buskens, Richard W},
  booktitle = {11th International Conference on Model Driven Engineering Languages and Systems (MODELS 2008)},
  doi       = {10.1007/978-3-540-87875-9_10},
  pages     = {143--157},
  publisher = {Springer Berlin Heidelberg},
  series    = {Lecture Notes in Computer Science},
  title     = {{NAOMI -- An Experimental Platform for Multi--modeling}},
  volume    = {5301},
  year      = {2008}
}

@inproceedings{dirocco2017ConsistencyRecoveryInteractive-MODELS,
  author    = {{Di Rocco}, Juri and {Di Ruscio}, Davide and Heinz, Marcel and Iovino, Ludovico and L{\"{a}}mmel, Ralf and Pierantonio, Alfonso},
  booktitle = {3rd International Workshop on Executable Modeling co-Located with ACM/IEEE 20th International Conference on Model Driven Engineering Languages and Systems (MODELS 2017)},
  pages     = {116--122},
  publisher = {CEUR-WS.org},
  series    = {CEUR Workshop Proceedings},
  title     = {{Consistency Recovery in Interactive Modeling}},
  url       = {http://ceur-ws.org/Vol-2019/exe{\_}6.pdf},
  volume    = {2019},
  year      = {2017}
}

@inproceedings{diRuscio2012transformations-SFM,
  author    = {{Di Ruscio}, Davide and Eramo, Romina and Pierantonio, Alfonso},
  booktitle = {12th International School on Formal Methods for the Design of Computer, Communication and Software Systems: Model-Driven Engineering (SFM 2012)},
  doi       = {10.1007/978-3-642-30982-3_4},
  pages     = {91--136},
  publisher = {Springer Berlin Heidelberg},
  series    = {Lecture Notes in Computer Science},
  title     = {{Model Transformations}},
  volume    = {7320},
  year      = {2012}
}

@inproceedings{diskin2010overlapsHeterogeneous-MDI,
  author    = {Diskin, Zinovy and Xiong, Yingfei and Czarnecki, Krzysztof},
  booktitle = {First International Workshop on Model-Driven Interoperability (MDI 2010)},
  doi       = {10.1145/1866272.1866279},
  pages     = {42--51},
  publisher = {ACM},
  title     = {{Specifying overlaps of heterogeneous models for global consistency checking}},
  year      = {2010}
}

@inproceedings{diskin2011StateToDeltaSymmetric-MODELS,
  author    = {Diskin, Zinovy and Xiong, Yingfei and Czarnecki, Krzysztof and Ehrig, Hartmut and Hermann, Frank and Orejas, Fernando},
  booktitle = {14th International Conference on Model Driven Engineering Languages and Systems (MODELS 2011)},
  doi       = {10.1007/978-3-642-24485-8_22},
  pages     = {304--318},
  publisher = {Springer Berlin Heidelberg},
  series    = {Lecture Notes in Computer Science},
  title     = {{From State- to Delta-Based Bidirectional Model Transformations: The Symmetric Case}},
  volume    = {6981},
  year      = {2011}
}

@inproceedings{diskin2013megamodeling-SLE,
  author    = {Diskin, Zinovy and Kokaly, Sahar and Maibaum, Tom},
  booktitle = {6th International Conference on Software Language Engineering (SLE 2013)},
  doi       = {10.1007/978-3-319-02654-1_18},
  pages     = {322--343},
  publisher = {Springer International Publishing},
  series    = {Lecture Notes in Computer Science},
  title     = {{Mapping-Aware Megamodeling: Design Patterns and Laws}},
  volume    = {8225},
  year      = {2013}
}

@article{diskin2016Taxonomy-JSS,
  author  = {Diskin, Zinovy and Gholizadeh, Hamid and Wider, Arif and Czarnecki, Krzysztof},
  doi     = {10.1016/j.jss.2015.06.003},
  journal = {Journal of Systems and Software},
  pages   = {298--322},
  title   = {{A three-dimensional taxonomy for bidirectional model synchronization}},
  volume  = {111},
  year    = {2016}
}

@inproceedings{diskin2016UncertaintyBidirectionalTransformations-BX,
  author    = {Diskin, Zinovy and Eramo, Romina and Pierantonio, Alfonso and Czarnecki, Krzysztof},
  booktitle = {5th International Workshop on Bidirectional Transformations (BX 2016)},
  pages     = {15--31},
  publisher = {CEUR-WS.org},
  series    = {CEUR Workshop Proceedings},
  title     = {{Incorporating Uncertainty into Bidirectional Model Transformations and their Delta-Lens Formalization}},
  url       = {http://ceur-ws.org/Vol-1571/paper{\_}9.pdf},
  volume    = {1571},
  year      = {2016}
}

@inproceedings{diskin2018MultiModelSynchronization-FASE,
  author    = {Diskin, Zinovy and K{\"{o}}nig, Harald and Lawford, Mark},
  booktitle = {21st International Conference on Fundamental Approaches to Software Engineering (FASE 2018)},
  doi       = {10.1007/978-3-319-89363-1_2},
  pages     = {21--37},
  publisher = {Springer International Publishing},
  series    = {Lecture Notes in Computer Science},
  title     = {{Multiple Model Synchronization with Multiary Delta Lenses}},
  volume    = {10802},
  year      = {2018}
}

@inproceedings{egyed2006umlanalyzer-ICSE,
  address   = {New York, NY, USA},
  author    = {Egyed, Alexander},
  booktitle = {Proceedings of the 28th International Conference on Software Engineering},
  doi       = {10.1145/1134285.1134339},
  isbn      = {1595933751},
  pages     = {381--390},
  publisher = {Association for Computing Machinery},
  series    = {ICSE '06},
  title     = {{Instant Consistency Checking for the UML}},
  url       = {https://doi.org/10.1145/1134285.1134339},
  year      = {2006}
}

@article{egyed2011modelanalyzer-TSE,
  author  = {Egyed, Alexander},
  doi     = {10.1109/TSE.2010.38},
  issn    = {0098-5589},
  journal = {IEEE Transactions on Software Engineering},
  number  = {2},
  pages   = {188--204},
  title   = {{Automatically Detecting and Tracking Inconsistencies in Software Design Models}},
  url     = {http://ieeexplore.ieee.org/document/5432227/},
  volume  = {37},
  year    = {2011}
}

@article{egyed2019consistencyArtifacts-Computer,
  author  = {Egyed, Alexander and Zeman, Klaus and Hehenberger, Peter and Demuth, Andreas},
  journal = {Computer},
  number  = {2},
  pages   = {28--35},
  title   = {{Maintaining Consistency across Engineering Artifacts}},
  volume  = {51},
  year    = {2018}
}

@inproceedings{eramo2008asp-EDOCW,
  author    = {Eramo, Romina and Pierantonio, Alfonso and Romero, Jos\'{e} Ra\'{u}l and Vallecillo, Antonio},
  booktitle = {Enterprise Distributed Object Computing Conference Workshops},
  title     = {{Change Management in Multi-Viewpoint System Using ASP}},
  year      = {2008},
  pages     = {433-440},
  doi       = {10.1109/EDOCW.2008.22}
}

@article{eramo2012Dually-SoSym,
  author      = {Eramo, Romina and Malavolta, Ivano and Muccini, Henry and Pelliccione, Patrizio and Pierantonio, Alfonso},
  affiliation = {Dipartimento di Informatica, Universit\'{a} dell'Aquila, Via Vetoio, L'Aquila, Italy},
  title       = {{A model-driven approach to automate the propagation of changes among Architecture Description Languages}},
  journal     = {Software and Systems Modeling},
  publisher   = {Springer Berlin / Heidelberg},
  issn        = {1619-1366},
  keyword     = {Informatik},
  pages       = {29-53},
  volume      = {11},
  issue       = {1},
  year        = {2012}
}

@inproceedings{eramo2015uncertainty-SLE,
  address   = {New York, NY, USA},
  author    = {Eramo, Romina and Pierantonio, Alfonso and Rosa, Gianni},
  booktitle = {Proceedings of the 2015 ACM SIGPLAN International Conference on Software Language Engineering},
  doi       = {10.1145/2814251.2814259},
  isbn      = {978-1-4503-3686-4},
  pages     = {49--58},
  publisher = {ACM},
  series    = {SLE 2015},
  title     = {{Managing Uncertainty in Bidirectional Model Transformations}},
  url       = {http://doi.acm.org/10.1145/2814251.2814259},
  year      = {2015}
}

@article{estefan2007MbseSurvey,
  title   = {Survey of model-based systems engineering (MBSE) methodologies},
  author  = {Estefan, Jeff A and others},
  journal = {Incose MBSE Focus Group},
  volume  = {25},
  number  = {8},
  pages   = {1--12},
  year    = {2007}
}

@inproceedings{etien2010Combining-SAC,
  address   = {New York, New York, USA},
  author    = {Etien, Anne and Muller, Alexis and Legrand, Thomas and Blanc, Xavier},
  booktitle = {2010 ACM Symposium on Applied Computing},
  doi       = {10.1145/1774088.1774557},
  isbn      = {9781605586397},
  pages     = {2237},
  publisher = {ACM},
  series    = {SAC '10},
  title     = {{Combining Independent Model Transformations}},
  url       = {https://doi.org/10.1145/1774088.1774557 http://portal.acm.org/citation.cfm?doid=1774088.1774557},
  year      = {2010}
}

@inproceedings{etien2012Chaining-AMT,
  address   = {New York, NY, USA},
  author    = {Etien, Anne and Aranega, Vincent and Blanc, Xavier and Paige, Richard F},
  booktitle = {Proceedings of the First Workshop on the Analysis of Model Transformations},
  doi       = {10.1145/2432497.2432500},
  isbn      = {978-1-4503-1803-7},
  pages     = {9--14},
  publisher = {ACM},
  series    = {AMT '12},
  title     = {{Chaining Model Transformations}},
  url       = {http://doi.acm.org/10.1145/2432497.2432500},
  year      = {2012}
}

@inproceedings{etzlstorfer2013SurveyIncrementalTransformation-ME,
  author    = {Kusel, Angelika and Etzlstorfer, J{\"{u}}rgen and Kapsammer, Elisabeth and Langer, Philip and Retschitzegger, Werner and Schonbock, Johannes and Schwinger, Wieland and Wimmer, Manuel},
  booktitle = {Workshop on Models and Evolution co-located with {ACM/IEEE} 16th International Conference on Model Driven Engineering Languages and Systems},
  series    = {MODELS 2013},
  publisher = {CEUR-WS.org},
  keywords  = {Change-driven,Incremental},
  pages     = {4--13},
  title     = {{A Survey on Incremental Model Transformation Approaches}},
  url       = {http://ceur-ws.org/Vol-1090/1.pdf},
  year      = {2013}
}

@inproceedings{falleri2014codeDifferencing-ASE,
  author    = {Falleri, Jean-R{\'{e}}my and Morandat, Flor{\'{e}}al and Blanc, Xavier and Martinez, Matias and Montperrus, Martin},
  booktitle = {Proceedings of the 29th ACM/IEEE international conference on Automated software engineering - ASE '14},
  doi       = {10.1145/2642937.2642982},
  isbn      = {9781450330138},
  title     = {{Fine-grained and accurate source code differencing}},
  year      = {2014}
}


@article{fleck2017transformationModularization-TSE,
  author  = {Fleck, Martin and Troya, Javier and Kessentini, Marouane and Wimmer, Manuel and Alkhazi, Bader},
  doi     = {10.1109/TSE.2017.2654255},
  issn    = {0098-5589},
  journal = {IEEE Transactions on Software Engineering},
  number  = {11},
  pages   = {1009--1032},
  title   = {{Model Transformation Modularization as a Many-Objective Optimization Problem}},
  volume  = {43},
  year    = {2017}
}

@inproceedings{foster2005Combinators-POPL,
  address   = {New York, NY, USA},
  author    = {Foster, J. Nathan and Greenwald, Michael B. and Moore, Jonathan T. and Pierce, Benjamin C. and Schmitt, Alan},
  booktitle = {Proceedings of the 32nd ACM SIGPLAN-SIGACT Symposium on Principles of Programming Languages},
  doi       = {10.1145/1047659.1040325},
  issn      = {03621340},
  pages     = {233--246},
  publisher = {ACM},
  series    = {POPL '05},
  title     = {{Combinators for Bi-Directional Tree Transformations: A Linguistic Approach to the View Update Problem}},
  url       = {http://doi.acm.org/10.1145/1047659.1040325 http://portal.acm.org/citation.cfm?doid=1047659.1040325},
  year      = {2005}
}

@article{foster2007combinators-TPLS,
  address   = {New York, NY, USA},
  author    = {Foster, J. Nathan and Greenwald, Michael B and Moore, Jonathan T. and Pierce, Benjamin C. and Schmitt, Alan},
  doi       = {10.1145/1232420.1232424},
  issn      = {0164-0925},
  journal   = {ACM Transactions on Programming Languages and Systems},
  number    = {3},
  pages     = {17},
  publisher = {Association for Computing Machinery},
  title     = {{Combinators for Bidirectional Tree Transformations: A Linguistic Approach to the View-Update Problem}},
  url       = {https://doi.org/10.1145/1232420.1232424 https://dl.acm.org/doi/10.1145/1232420.1232424},
  volume    = {29},
  year      = {2007}
}

@book{fowler2010dsls-Book,
  author    = {Fowler, Martin},
  edition   = {1st},
  isbn      = {9780321712943},
  publisher = {Addison-Wesley Professional},
  title     = {{Domain Specific Languages}},
  year      = {2010}
}

@article{franzago2018mdseChallenges-TSE,
  annote  = {Motivation: Lack of multi-view modelling support},
  author  = {Franzago, M and Ruscio, D D and Malavolta, I and Muccini, H},
  doi     = {10.1109/TSE.2017.2755039},
  issn    = {0098-5589},
  journal = {IEEE Transactions on Software Engineering},
  number  = {12},
  pages   = {1146--1175},
  title   = {{Collaborative Model-Driven Software Engineering: A Classification Framework and a Research Map}},
  volume  = {44},
  year    = {2018}
}

@article{fraser2008NoSilverBulletReloaded-Software,
  author  = {Fraser, Steven and Mancl, Dennis},
  doi     = {10.1109/MS.2008.14},
  issn    = {0740-7459},
  journal = {IEEE Software},
  number  = {1},
  pages   = {91--94},
  title   = {{No Silver Bullet: Software Engineering Reloaded}},
  url     = {http://ieeexplore.ieee.org/document/4420077/},
  volume  = {25},
  year    = {2008}
}

@book{gamma1995designPatterns-Book,
  address   = {Boston, MA, USA},
  author    = {Gamma, Erich and Helm, Richard and Johnson, Ralph and Vlissides, John},
  isbn      = {0-201-63361-2},
  publisher = {Addison-Wesley Longman Publishing Co., Inc.},
  title     = {{Design Patterns: Elements of Reusable Object-oriented Software}},
  year      = {1995}
}

@article{gibbs1969cycle,
  title     = {A cycle generation algorithm for finite undirected linear graphs},
  author    = {Gibbs, Norman E.},
  journal   = {Journal of the ACM},
  volume    = {16},
  number    = {4},
  pages     = {564--568},
  year      = {1969},
  publisher = {ACM}
}

@article{giese2009incrementalModelSynchronization-SoSym,
  author    = {Giese, Holger and Wagner, Robert},
  doi       = {10.1007/s10270-008-0089-9},
  isbn      = {1027000800},
  issn      = {1619-1366},
  journal   = {Software and Systems Modeling},
  number    = {1},
  pages     = {21--43},
  publisher = {Springer-Verlag},
  title     = {{From model transformation to incremental bidirectional model synchronization}},
  url       = {http://link.springer.com/10.1007/s10270-008-0089-9},
  volume    = {8},
  year      = {2009}
}

@phdthesis{goldschmidt2011diss,
  address   = {Karlsruhe},
  author    = {Goldschmidt, Thomas},
  publisher = {KIT Scientific Publishing},
  series    = {The Karlsruhe series on software design and quality},
  title     = {{View-based textual modelling}},
  volume    = {6},
  year      = {2011}
}

@inproceedings{gonzalez2012a,
  author    = {Gonz{\'{a}}lez, C A and B{\"{u}}ttner, F and Claris{\'{o}}, R and Cabot, J},
  booktitle = {2012 First International Workshop on Formal Methods in Software Engineering: Rigorous and Agile Approaches (FormSERA)},
  doi       = {10.1109/FormSERA.2012.6229788},
  pages     = {44--50},
  title     = {{EMFtoCSP: A tool for the lightweight verification of EMF models}},
  year      = {2012}
}

@misc{gosling2018jls-specification,
  author = {Gosling, James and Joy, Bill and Steele, Guy and Bracha, Gilad and Buckley, Alex and Smith, Daniel},
  title  = {{The Java Language Specification -- Java SE 11 Edition}},
  url    = {https://docs.oracle.com/javase/specs/jls/se11/jls11.pdf},
  year   = {2018}
}

@article{Gyimothy2005ValidationMetrics-TSE,
  address   = {Piscataway, NJ, USA},
  author    = {Gyimothy, Tibor and Ferenc, Rudolf and Siket, Istvan},
  doi       = {10.1109/TSE.2005.112},
  issn      = {0098-5589},
  journal   = {IEEE Transactions on Software Engineering},
  number    = {10},
  pages     = {897--910},
  publisher = {IEEE Press},
  title     = {{Empirical validation of object-oriented metrics on open source software for fault prediction}},
  url       = {http://dx.doi.org/10.1109/TSE.2005.112},
  volume    = {31},
  year      = {2005}
}

@article{harel2004semantics-Computer,
  address   = {Los Alamitos, CA, USA},
  author    = {Harel, David and Rumpe, Bernhard},
  doi       = {10.1109/MC.2004.172},
  issn      = {00189162},
  journal   = {IEEE Computer},
  number    = {10},
  pages     = {64--72},
  publisher = {IEEE Computer Society Press},
  title     = {{Meaningful Modeling: What's the Semantics of "Semantics"?}},
  volume    = {37},
  year      = {2004}
}

@techreport{heidenreich2009jamopp-report,
  author    = {Heidenreich, Florian and Johannes, Jendrik and Seifert, Mirko and Wende, Christian},
  publisher = {Technische Universit{\"{a}}t Dresden},
  title     = {{Jamopp: The Java Model Parser and Printer}},
  year      = {2009}
}

@inproceedings{heidenreich2010compositionTransformations-ICMT,
  address   = {Berlin, Heidelberg},
  author    = {Heidenreich, Florian and Kopcsek, Jan and A{\ss}mann, Uwe},
  booktitle = {Theory and Practice of Model Transformations},
  editor    = {Tratt, Laurence and Gogolla, Martin},
  isbn      = {978-3-642-13688-7},
  pages     = {108--122},
  publisher = {Springer Berlin Heidelberg},
  title     = {{Safe Composition of Transformations}},
  year      = {2010}
}

@incollection{heidenreich2010jamopp-SLE,
  year      = {2010},
  isbn      = {978-3-642-12106-7},
  booktitle = {Software Language Engineering},
  volume    = {5969},
  series    = {Lecture Notes in Computer Science},
  editor    = {van den Brand, Mark and Ga\v{s}evi\'{c}, Dragan and Gray, Jeff},
  doi       = {10.1007/978-3-642-12107-4_25},
  title     = {{Closing the Gap between Modelling and Java}},
  url       = {http://dx.doi.org/10.1007/978-3-642-12107-4_25},
  publisher = {Springer Berlin Heidelberg},
  author    = {Heidenreich, Florian and Johannes, Jendrik and Seifert, Mirko and Wende, Christian},
  pages     = {374-383}
}

@inproceedings{heinzemann2013Reconfiguration-CBSE,
  author    = {Heinzemann, Christian and Becker, Steffen},
  booktitle = {Proceedings of the 16th International ACM SigSoft Symposium on Component-Based Software Engineering},
  doi       = {10.1145/2465449.2465452},
  pages     = {3--12},
  publisher = {ACM},
  series    = {CBSE 2013},
  title     = {{Executing Reconfigurations in Hierarchical Component Architectures}},
  year      = {2013}
}

@inproceedings{hermann2012concurrentSynchronization-FASE,
  address   = {Berlin, Heidelberg},
  author    = {Hermann, Frank and Ehrig, Hartmut and Ermel, Claudia and Orejas, Fernando},
  booktitle = {Proceedings of the 15th International Conference on Fundamental Approaches to Software Engineering (FASE 2012)},
  doi       = {10.1007/978-3-642-28872-2_13},
  isbn      = {978-3-642-28871-5},
  issn      = {03029743},
  pages     = {178--193},
  publisher = {Springer-Verlag},
  series    = {Lecture Notes in Computer Science},
  title     = {{Concurrent Model Synchronization with Conflict Resolution Based on Triple Graph Grammars}},
  volume    = {7212},
  year      = {2012}
}

@inproceedings{hettel2008synchronization-ICMT,
  address   = {Berlin, Heidelberg},
  author    = {Hettel, Thomas and Lawley, Michael and Raymond, Kerry},
  booktitle = {Proceedings of the First International Conference on Theory and Practice of Model Transformations (ICMT 2008)},
  doi       = {10.1007/978-3-540-69927-9_3},
  isbn      = {3540699260},
  issn      = {03029743},
  pages     = {31--45},
  publisher = {Sprinter-Verlag},
  series    = {Lecture Notes in Computer Science},
  title     = {{Model Synchronisation: Definitions for Round-Trip Engineering}},
  volume    = {5063},
  year      = {2008}
}

@article{hidaka2016classificationTransformations-SoSym,
  author  = {Hidaka, Soichiro and Tisi, Massimo and Cabot, Jordi and Hu, Zhenjiang},
  doi     = {10.1007/s10270-014-0450-0},
  issn    = {1619-1374},
  journal = {Software and Systems Modeling},
  number  = {3},
  pages   = {907--928},
  title   = {{Feature-based classification of bidirectional transformation approaches}},
  url     = {https://doi.org/10.1007/s10270-014-0450-0},
  volume  = {15},
  year    = {2016}
}

@article{hinkel2019internalTransformation-SoSym,
  author  = {Hinkel, Georg and Burger, Erik},
  doi     = {10.1007/s10270-017-0617-6},
  issn    = {1619-1374},
  journal = {Software and Systems Modeling},
  number  = {1},
  pages   = {249--278},
  title   = {{Change propagation and bidirectionality in internal transformation DSLs}},
  url     = {https://doi.org/10.1007/s10270-017-0617-6},
  volume  = {18},
  year    = {2019}
}

@article{huseyin2016patternsTransformations-CLSS,
  author  = {Ergin, Huseyin and Syriani, Eugene and Gray, Jeff},
  doi     = {10.1016/j.cl.2016.07.004},
  issn    = {14778424},
  journal = {Computer Languages, Systems {\&} Structures},
  pages   = {106--139},
  title   = {{Design pattern oriented development of model transformations}},
  url     = {http://www.sciencedirect.com/science/article/pii/S1477842416300148},
  volume  = {46},
  year    = {2016}
}

@inproceedings{iacob2008a,
  author    = {Iacob, Maria-Eugenia and Steen, Maarten W. A. and Heerink, Lex},
  booktitle = {2008 12th Enterprise Distributed Object Computing Conference Workshops},
  doi       = {10.1109/EDOCW.2008.51},
  issn      = {2325-6583},
  pages     = {1--10},
  title     = {{Reusable Model Transformation Patterns}},
  year      = {2008}
}

@article{jakumeit2014transformationTools-SCP,
  author  = {Jakumeit, Edgar and Buchwald, Sebastian and Wagelaar, Dennis and Dan, Li and Heged{\"{u}}s, {\'{A}}bel and Herrmannsd{\"{o}}rfer, Markus and Horn, Tassilo and Kalnina, Elina and Krause, Christian and Lano, Kevin and Lepper, Markus and Rensink, Arend and Rose, Louis and W{\"{a}}tzoldt, Sebastian and Mazanek, Steffen},
  doi     = {https://doi.org/10.1016/j.scico.2013.10.009},
  issn    = {0167-6423},
  journal = {Science of Computer Programming},
  pages   = {41--99},
  title   = {{A survey and comparison of transformation tools based on the transformation tool contest}},
  url     = {http://www.sciencedirect.com/science/article/pii/S0167642313002803},
  volume  = {85},
  year    = {2014}
}

@inproceedings{jouault2006a,
  author    = {Jouault, Fr{\'e}d{\'e}ric and Allilaire, Freddy and B{\'e}zivin, Jean and Kurtev, Ivan and Valduriez, Patrick},
  title     = {{ATL: A QVT-like Transformation Language}},
  booktitle = {Companion to the 21st ACM SIGPLAN Symposium on Object-oriented Programming Systems, Languages, and Applications},
  series    = {OOPSLA '06},
  year      = {2006},
  isbn      = {1-59593-491-X},
  location  = {Portland, Oregon, USA},
  pages     = {719--720},
  numpages  = {2},
  url       = {http://doi.acm.org/10.1145/1176617.1176691},
  doi       = {10.1145/1176617.1176691},
  acmid     = {1176691},
  publisher = {ACM},
  address   = {New York, NY, USA}
}

@article{kahani2018SurveyTransformationTools-SoSym,
  author    = {Kahani, Nafiseh and Bagherzadeh, Mojtaba and Cordy, James R. and Dingel, Juergen and Varr{\'{o}}, Daniel},
  doi       = {10.1007/s10270-018-0665-6},
  issn      = {1619-1366},
  journal   = {Software and Systems Modeling},
  keywords  = {Classification,Metamodel,Model transformation tools,Model-driven development,Survey},
  number    = {4},
  pages     = {2361--2397},
  publisher = {Springer Berlin Heidelberg},
  title     = {{Survey and classification of model transformation tools}},
  url       = {https://doi.org/10.1007/s10270-018-0665-6 http://link.springer.com/10.1007/s10270-018-0665-6},
  volume    = {18},
  year      = {2019}
}

@article{kahani2019SurveyTransformationTools-SoSym,
  author    = {Kahani, Nafiseh and Bagherzadeh, Mojtaba and Cordy, James R. and Dingel, Juergen and Varr{\'{o}}, Daniel},
  doi       = {10.1007/s10270-018-0665-6},
  issn      = {1619-1366},
  journal   = {Software and Systems Modeling},
  number    = {4},
  pages     = {2361--2397},
  publisher = {Springer Berlin Heidelberg},
  title     = {{Survey and classification of model transformation tools}},
  url       = {https://doi.org/10.1007/s10270-018-0665-6 http://link.springer.com/10.1007/s10270-018-0665-6},
  volume    = {18},
  year      = {2019}
}

@inproceedings{khelladi2019sideeffects-SLE,
  address   = {New York, NY, USA},
  author    = {Khelladi, Djamel Eddine and Kretschmer, Roland and Egyed, Alexander},
  booktitle = {Proceedings of the 12th ACM SIGPLAN International Conference on Software Language Engineering},
  doi       = {10.1145/3357766.3359546},
  isbn      = {9781450369817},
  pages     = {113--126},
  publisher = {Association for Computing Machinery},
  series    = {SLE 2019},
  title     = {{Detecting and Exploring Side Effects When Repairing Model Inconsistencies}},
  url       = {https://doi.org/10.1145/3357766.3359546},
  year      = {2019}
}

@book{kleppe2003mdaExplained-Book,
  address   = {Boston, MA, USA},
  author    = {Kleppe, Anneke G and Warmer, Jos and Bast, Wim},
  isbn      = {032119442X},
  publisher = {Addison-Wesley Longman Publishing Co., Inc.},
  title     = {{MDA Explained: The Model Driven Architecture: Practice and Promise}},
  year      = {2003}
}

@inproceedings{koenig2017efficientConsistencyChecking-ECMFA,
  address   = {Cham},
  author    = {K{\"{o}}nig, Harald and Diskin, Zinovy},
  booktitle = {Modelling Foundations and Applications},
  editor    = {Anjorin, Anthony and Espinoza, Hu{\'{a}}scar},
  isbn      = {978-3-319-61482-3},
  pages     = {161--178},
  publisher = {Springer International Publishing},
  title     = {{Efficient Consistency Checking of Interrelated Models}},
  year      = {2017}
}

@article{koenigs2006MGGs-SoSym,
  author    = {K{\"{o}}nigs, Alexander and Sch{\"{u}}rr, Andy},
  doi       = {10.1007/s10270-006-0016-x},
  issn      = {1619-1366},
  journal   = {Software and Systems Modeling},
  number    = {4},
  pages     = {349--368},
  publisher = {Springer},
  title     = {{MDI: A Rule-based Multi-document and Tool Integration Approach}},
  url       = {http://dx.doi.org/10.1007/s10270-006-0016-x},
  volume    = {5},
  year      = {2006}
}

@inproceedings{kolovos2006transformationTesting-WGIMM,
  address   = {New York, NY, USA},
  author    = {Kolovos, Dimitrios S and Paige, Richard F and Polack, Fiona A C},
  booktitle = {Proceedings of the 2006 International Workshop on Global Integrated Model Management},
  doi       = {10.1145/1138304.1138308},
  isbn      = {1-59593-410-3},
  pages     = {13--20},
  publisher = {ACM},
  series    = {GaMMa '06},
  title     = {{Model Comparison: A Foundation for Model Composition and Model Transformation Testing}},
  url       = {http://doi.acm.org/10.1145/1138304.1138308},
  year      = {2006}
}

@inproceedings{kolovos2008a,
  author    = {Kolovos, Dimitrios and Paige, Richard and Polack, Fiona},
  booktitle = {2008 1st International Conference on Software Testing, Verification, and Validation},
  title     = {{Detecting and Repairing Inconsistencies across Heterogeneous Models}},
  year      = {2008},
  pages     = {356-364},
  doi       = {10.1109/ICST.2008.23},
  issn      = {2159-4848}
}

@book{kolovos2014epsilon-Book,
  author = {Kolovos, Dimitris and Rose, Louis and Garcia-Dominguez, Antonia and Paige, Richard},
  pages  = {213},
  title  = {{The Epsilon Book}},
  url    = {http://www.eclipse.org/epsilon/doc/book/},
  year   = {2014}
}

@article{konigs2006MGGs-sosym,
  author    = {K{\"{o}}nigs, Alexander and Sch{\"{u}}rr, Andy},
  doi       = {10.1007/s10270-006-0016-x},
  issn      = {1619-1366},
  journal   = {Software and Systems Modeling (SoSyM)},
  number    = {4},
  pages     = {349--368},
  publisher = {Springer},
  title     = {{MDI: A Rule-based Multi-document and Tool Integration Approach}},
  url       = {http://dx.doi.org/10.1007/s10270-006-0016-x},
  volume    = {5},
  year      = {2006}
}

@inproceedings{kramer2013b,
  acmid      = {2489864},
  address    = {New York, NY, USA},
  articleno  = {5},
  author     = {Kramer, Max E. and Burger, Erik and Langhammer, Michael},
  booktitle  = {Proceedings of the 1st Workshop on View-Based, Aspect-Oriented and Orthographic Software Modelling},
  doi        = {10.1145/2489861.2489864},
  isbn       = {978-1-4503-2070-2},
  location   = {Montpellier, France},
  numpages   = {6},
  pages      = {5:1--5:6},
  pdf        = {http://sdqweb.ipd.kit.edu/publications/pdfs/kramer2013b.pdf},
  publisher  = {ACM},
  series     = {VAO '13},
  tags       = {workshop, Vitruv},
  title      = {{View-Centric Engineering with Synchronized Heterogeneous Models}},
  url        = {http://doi.acm.org/10.1145/2489861.2489864},
  year       = {2013},
  bdsk-url-1 = {http://doi.acm.org/10.1145/2489861.2489864},
  bdsk-url-2 = {http://dx.doi.org/10.1145/2489861.2489864}
}

@inproceedings{kramer2015a,
  acmid      = {2737177},
  address    = {New York, NY, USA},
  author     = {Kramer, Max E. and Langhammer, Michael and Messinger, Dominik and Seifermann, Stephan and Burger, Erik},
  booktitle  = {Proceedings of the 18th International ACM SIGSOFT Symposium on Component-Based Software Engineering},
  doi        = {10.1145/2737166.2737177},
  isbn       = {978-1-4503-3471-6},
  keywords   = {co-evolution, formal specification, model-driven engineering},
  location   = {Montr\'{e}al, QC, Canada},
  numpages   = {6},
  pages      = {21--26},
  pdf        = {http://sdqweb.ipd.kit.edu/publications/pdfs/kramer2015a.pdf},
  publisher  = {ACM},
  series     = {CBSE '15},
  tags       = {conference, Vitruv},
  title      = {Change-Driven Consistency for Component Code, Architectural Models, and Contracts},
  url        = {http://doi.acm.org/10.1145/2737166.2737177},
  year       = {2015},
  bdsk-url-1 = {http://doi.acm.org/10.1145/2737166.2737177},
  bdsk-url-2 = {http://dx.doi.org/10.1145/2737166.2737177}
}

@phdthesis{kramer2017a,
  author    = {Max Emanuel Kramer},
  title     = {Specification Languages for Preserving Consistency between Models of Different Languages},
  school    = {Karlsruhe Institute of Technology (KIT)},
  address   = {Karlsruhe, Germany},
  year      = {2017},
  pagetotal = {278},
  doi       = {10.5445/IR/1000069284},
  url       = {http://nbn-resolving.org/urn:nbn:de:swb:90-692845},
  pdf       = {http://publikationen.bibliothek.kit.edu/1000069284/4139803}
}

@inproceedings{kretschmer2018repairDiscovery-ICSE,
  address   = {New York, NY, USA},
  author    = {Kretschmer, Roland and Khelladi, Djamel Eddine and Egyed, Alexander},
  booktitle = {Proceedings of the 40th International Conference on Software Engineering: Companion Proceeedings},
  doi       = {10.1145/3183440.3194979},
  isbn      = {978-1-4503-5663-3},
  pages     = {298--299},
  publisher = {ACM},
  series    = {ICSE '18},
  title     = {{An Automated and Instant Discovery of Concrete Repairs for Model Inconsistencies}},
  url       = {http://doi.acm.org/10.1145/3183440.3194979},
  year      = {2018}
}

@article{kretschmer2020ConsistentChangePropagation-SoSym,
  author  = {Kretschmer, Roland and Khelladi, Djamel Eddine and Lopez-Herrejon, Roberto Erick and Egyed, Alexander},
  doi     = {10.1007/s10270-020-00823-4},
  issn    = {1619-1374},
  journal = {Software and Systems Modeling},
  title   = {{Consistent change propagation within models}},
  url     = {https://doi.org/10.1007/s10270-020-00823-4},
  year    = {2020}
}

@inproceedings{kuester2009incremetalChainDevelopment-MODELS,
  address   = {Berlin, Heidelberg},
  author    = {K{\"{u}}ster, Jochen M and Gschwind, Thomas and Zimmermann, Olaf},
  booktitle = {Model Driven Engineering Languages and Systems},
  editor    = {Sch{\"{u}}rr, Andy and Selic, Bran},
  isbn      = {978-3-642-04425-0},
  pages     = {733--747},
  publisher = {Springer Berlin Heidelberg},
  title     = {{Incremental Development of Model Transformation Chains Using Automated Testing}},
  year      = {2009}
}

@inproceedings{kuhlmann2011a,
  address   = {Berlin, Heidelberg},
  author    = {Kuhlmann, Mirco and Hamann, Lars and Gogolla, Martin},
  booktitle = {Objects, Models, Components, Patterns},
  doi       = {10.1007/978-3-642-21952-8_21},
  editor    = {Bishop, Judith and Vallecillo, Antonio},
  isbn      = {978-3-642-21952-8},
  pages     = {290--306},
  publisher = {Springer Berlin Heidelberg},
  title     = {{Extensive Validation of OCL Models by Integrating SAT Solving into USE}},
  year      = {2011}
}

@inproceedings{laemmel2004coupledTransformations-WSET,
  author    = {L{\"{a}}mmel, Ralf},
  booktitle = {First international workshop on software evolution transformations},
  pages     = {31--35},
  title     = {{Coupled software transformations}},
  year      = {2004}
}

@incollection{langhammer2014a,
  author     = {Langhammer, Michael and Kramer, Max E.},
  booktitle  = {Fachgruppenbericht des 2. Workshops ``Modellbasierte und Modellgetriebene Softwaremodernisierung''},
  issn       = {0720-8928},
  pdf        = {http://pi.informatik.uni-siegen.de/stt/34_2/01_Fachgruppenberichte/MMSM2014/MMSM2014_Paper8.pdf},
  publisher  = {Gesellschaft f{\"u}r Informatik e.V.\ (GI)},
  series     = {Software{\-}technik-Trends},
  tags       = {workshop},
  title      = {{Determining the Intent of Code Changes to Sustain Attached Model Information During Code Evolution}},
  url        = {http://pi.informatik.uni-siegen.de/stt/34_2},
  volume     = {34 (2)},
  year       = {2014},
  bdsk-url-1 = {http://pi.informatik.uni-siegen.de/stt/34_2},
  tags       = {Vitruv}
}

@inproceedings{langhammer2015a,
  author     = {Langhammer, Michael and Krogmann, Klaus},
  booktitle  = {17. Workshop Software-Reengineering und-Evolution},
  title      = {A Co-evolution Approach for Source Code and Component-based Architecture Models},
  url        = {http://fg-sre.gi.de/fileadmin/gliederungen/fg-sre/wsre2015/WSRE2015-Proceeedings-preliminary.pdf#page=40},
  volume     = {4},
  year       = {2015},
  bdsk-url-1 = {http://fg-sre.gi.de/fileadmin/gliederungen/fg-sre/wsre2015/WSRE2015-Proceeedings-preliminary.pdf#page=40}
}

@phdthesis{langhammer2017a,
  author    = {Michael Langhammer},
  title     = {Automated Coevolution of Source Code and Software Architecture Models},
  school    = {Karlsruhe Institute of Technology (KIT)},
  address   = {Karlsruhe, Germany},
  year      = {2017},
  pagetotal = {259 },
  doi       = {10.5445/IR/1000069366},
  url       = {http://nbn-resolving.org/urn:nbn:de:swb:90-693666},
  pdf       = {https://publikationen.bibliothek.kit.edu/1000069366/4146687},
  tags      = {Vitruv}
}

@article{lano2014a,
  author  = {Lano, K and Kolahdouz-Rahimi, S and Poernomo, I and Terrell, J and Zschaler, S},
  doi     = {10.1007/s10270-012-0291-7},
  issn    = {1619-1374},
  journal = {Software and Systems Modeling},
  number  = {2},
  pages   = {873--907},
  title   = {{Correct-by-construction synthesis of model transformations using transformation patterns}},
  url     = {https://doi.org/10.1007/s10270-012-0291-7},
  volume  = {13},
  year    = {2014}
}

@article{lano2018a,
  author   = {Lano, Kevin and Kolahdouz-Rahimi, Shekoufeh and Yassipour-Tehrani, Sobhan and Sharbaf, Mohammadreza},
  doi      = {https://doi.org/10.1016/j.jss.2018.03.001},
  issn     = {0164-1212},
  journal  = {Journal of Systems and Software},
  keywords = {Design Patterns,Empirical Software Engineering,Model Transformations},
  pages    = {48--73},
  title    = {{A Survey of Model Transformation Design Pattern Usage}},
  volume   = {140},
  year     = {2018}
}

@inproceedings{lano2018technicalDebt-ICMT,
  address   = {Cham},
  author    = {Lano, Kevin and Kolahdouz-Rahimi, Shekoufeh and Sharbaf, Mohammadreza and Alfraihi, Hessa},
  booktitle = {Theory and Practice of Model Transformation},
  doi       = {10.1007/978-3-319-93317-7_6},
  editor    = {Rensink, Arend and {S{\'{a}}nchez Cuadrado}, Jes{\'{u}}s},
  isbn      = {978-3-319-93317-7},
  pages     = {127--141},
  publisher = {Springer International Publishing},
  title     = {{Technical Debt in Model Transformation Specifications}},
  url       = {http://link.springer.com/10.1007/978-3-319-93317-7{\_}6},
  year      = {2018}
}

@article{leblebici2014IncrementalTGGSurvey-GTVMT,
  annote  = {13th International Workshop on Graph Transformation and Visual Modeling Techniques (GTVMT 2014)},
  author  = {Leblebici, Erhan and Anjorin, Anthony and Sch{\"{u}}rr, Andy and Hildebrandt, Stephan and Rieke, Jan and Greenyer, Joel},
  doi     = {10.14279/tuj.eceasst.67.939},
  journal = {Electronic Communications of the EASST},
  pages   = {1--14},
  title   = {{A Comparison of Incremental Triple Graph Grammar Tools}},
  volume  = {67},
  year    = {2014}
}

@inproceedings{lucio2013FTGPM-SDL,
  address   = {Berlin, Heidelberg},
  author    = {L{\'{u}}cio, Levi and Mustafiz, Sadaf and Denil, Joachim and Vangheluwe, Hans and Jukss, Maris},
  booktitle = {SDL 2013: Model-Driven Dependability Engineering},
  editor    = {Khendek, Ferhat and Toeroe, Maria and Gherbi, Abdelouahed and Reed, Rick},
  isbn      = {978-3-642-38911-5},
  pages     = {182--202},
  publisher = {Springer Berlin Heidelberg},
  title     = {{FTG+PM: An Integrated Framework for Investigating Model Transformation Chains}},
  year      = {2013},
  doi       = {10.1007/978-3-642-38911-5_11}
}

@inproceedings{macedo2013echo-ASE,
  author    = {Macedo, Nuno and Guimaraes, Tiago and Cunha, Alcino},
  booktitle = {Proceedings of the 28th IEEE/ACM International Conference on Automated Software Engineering (ASE 2013)},
  title     = {Model Repair and Transformation with Echo},
  year      = {2013},
  publisher = {IEEE Computer Society},
  pages     = {694-697},
  doi       = {10.1109/ASE.2013.6693135}
}

@incollection{macedo2013qvtrAlloy-FASE,
  year      = {2013},
  isbn      = {978-3-642-37056-4},
  booktitle = {Proceedings of the 16th International Conference on Fundamental Approaches to Software Engineering (FASE 2013)},
  volume    = {7793},
  series    = {Lecture Notes in Computer Science},
  editor    = {Cortellessa, Vittorio and Varr\'{o}, D\'{a}niel},
  doi       = {10.1007/978-3-642-37057-1_22},
  title     = {{Implementing QVT-R Bidirectional Model Transformations Using Alloy}},
  url       = {http://dx.doi.org/10.1007/978-3-642-37057-1_22},
  publisher = {Springer Berlin Heidelberg},
  author    = {Macedo, Nuno and Cunha, Alcino},
  pages     = {297-311}
}

@inproceedings{macedo2014FrameworkMultiDirectional-BX,
  title     = {Towards a framework for multi-directional model transformations},
  booktitle = {3rd International Workshop on Bidirectional Transformations - BX},
  volume    = {1133},
  year      = {2014},
  publisher = {CEUR-WS.org},
  address   = {Athens, Greece},
  url       = {http://ceur-ws.org/Vol-1133/paper-11.pdf},
  author    = {Nuno Macedo and Alcino Cunha and Hugo Pacheco}
}

@article{macedo2016qvtAtlAlloy-SoSym,
  author  = {Macedo, Nuno and Cunha, Alcino},
  doi     = {10.1007/s10270-014-0437-x},
  issn    = {1619-1374},
  journal = {Software and Systems Modeling},
  number  = {3},
  pages   = {783--810},
  title   = {{Least-change bidirectional model transformation with QVT-R and ATL}},
  url     = {https://doi.org/10.1007/s10270-014-0437-x},
  volume  = {15},
  year    = {2016}
}

@article{macedo2017ModelRepairClassification-TSE,
  author  = {Macedo, Nuno and Jorge, Tiago and Cunha, Alcino},
  doi     = {10.1109/TSE.2016.2620145},
  issn    = {0098-5589},
  journal = {IEEE Transactions on Software Engineering},
  number  = {7},
  pages   = {615--640},
  title   = {{A Feature-based Classification of Model Repair Approaches}},
  volume  = {43},
  year    = {2017}
}

@article{malavolta2010ADLInteroperability-TSE,
  author    = {Ivano Malavolta and Henry Muccini and Patrizio Pelliccione and Damien A. Tamburri},
  title     = {{Providing Architectural Languages and Tools Interoperability through Model Transformation Technologies}},
  journal   = {IEEE Transactions of Software Engineering},
  year      = {2010},
  volume    = {36},
  pages     = {119--140},
  number    = {1},
  bibsource = {DBLP, http://dblp.uni-trier.de},
  url       = {http://doi.ieeecomputersociety.org/10.1109/TSE.2009.51},
  issn      = {0098-5589}
}

@inproceedings{mansoor2015jss,
  author    = {Mansoor, Usman and Kessentini, Marouane and Langer, Philip and Wimmer, Manuel and Bechikh, Slim and Deb, Kalyanmoy},
  booktitle = {Journal of Systems and Software},
  doi       = {10.1016/j.jss.2014.11.043},
  issn      = {01641212},
  title     = {{MOMM: Multi-objective model merging}},
  volume    = {103},
  year      = {2015}
}

@article{martinez2017incrementalATL-SCP,
  author  = {Mart{\'{i}}nez, Salvador and Tisi, Massimo and Douence, R{\'{e}}mi},
  doi     = {https://doi.org/10.1016/j.scico.2016.08.006},
  issn    = {0167-6423},
  journal = {Science of Computer Programming},
  pages   = {1--16},
  title   = {{Reactive model transformation with ATL}},
  url     = {http://www.sciencedirect.com/science/article/pii/S016764231630106X},
  volume  = {136},
  year    = {2017}
}

@inproceedings{meier2019MoConseMi-Models,
  author    = {Meier, Johannes and Winter, Andreas},
  booktitle = {6th International Workshop on The Globalization of Modeling Languages (GEMOC), co-located with ACM/IEEE 21st International Conference on Model Driven Engineering Languages and Systems (MODELS 2018)},
  editor    = {Hebig, Regina and Berger, Thorsten},
  pages     = {408--415},
  publisher = {CEUR Proceedings of MODELS 2018 Workshops},
  title     = {{Model Consistency ensured by Metamodel Integration}},
  year      = {2018}
}

@book{murer2011evolution,
  address   = {Berlin, Heidelberg},
  author    = {Murer, Stephan and Bonati, Bruno and Furrer, Frank J.},
  doi       = {10.1007/978-3-642-01633-2},
  isbn      = {978-3-642-01632-5},
  pages     = {264},
  publisher = {Springer Berlin Heidelberg},
  title     = {{Managed Evolution -- A Strategy for Very Large Information Systems}},
  url       = {http://link.springer.com/10.1007/978-3-642-01633-2},
  year      = {2011}
}

@inproceedings{ohrndorf2018repairRecommendataions-ICSE,
  address   = {New York, NY, USA},
  author    = {Ohrndorf, Manuel and Pietsch, Christopher and Kelter, Udo and Kehrer, Timo},
  booktitle = {Proceedings of the 40th International Conference on Software Engineering: Companion Proceeedings},
  doi       = {10.1145/3183440.3183498},
  isbn      = {978-1-4503-5663-3},
  pages     = {105--108},
  publisher = {ACM},
  series    = {ICSE '18},
  title     = {{ReVision: A Tool for History-based Model Repair Recommendations}},
  url       = {http://doi.acm.org/10.1145/3183440.3183498},
  year      = {2018}
}

@inproceedings{oldevik2005a,
  address   = {Berlin, Heidelberg},
  author    = {Oldevik, Jon},
  booktitle = {Distributed Applications and Interoperable Systems},
  editor    = {Kutvonen, Lea and Alonistioti, Nancy},
  isbn      = {978-3-540-31582-7},
  pages     = {108--114},
  publisher = {Springer Berlin Heidelberg},
  title     = {{Transformation Composition Modelling Framework}},
  year      = {2005}
}

@inproceedings{orejas2020IncrementalConcurrentSynchronization-FASE,
  address   = {Cham},
  author    = {Orejas, Fernando and Pino, Elvira and Navarro, Marisa},
  booktitle = {Fundamental Approaches to Software Engineering},
  doi       = {10.1007/978-3-030-45234-6_14},
  editor    = {Wehrheim, Heike and Cabot, Jordi},
  isbn      = {978-3-030-45234-6},
  pages     = {273--293},
  publisher = {Springer International Publishing},
  title     = {{Incremental Concurrent Model Synchronization using Triple Graph Grammars}},
  url       = {http://link.springer.com/10.1007/978-3-030-45234-6{\_}14},
  year      = {2020}
}

@article{paige2016evolvingModel-JSS,
  author  = {Paige, Richard F. and Matragkas, Nicholas and Rose, Louis M.},
  doi     = {10.1016/j.jss.2015.08.047},
  issn    = {01641212},
  journal = {Journal of Systems and Software},
  pages   = {272--280},
  title   = {{Evolving models in Model-Driven Engineering: State-of-the-art and future challenges}},
  url     = {http://linkinghub.elsevier.com/retrieve/pii/S0164121215001909},
  volume  = {111},
  year    = {2016}
}

@article{paton1969algorithm,
  title     = {An algorithm for finding a fundamental set of cycles of a graph},
  author    = {Paton, Keith},
  journal   = {Communications of the ACM},
  volume    = {12},
  number    = {9},
  pages     = {514--518},
  year      = {1969},
  publisher = {ACM New York, NY, USA}
}

@inproceedings{pepper1987transformationalSemantics-SSPC,
  author    = {Pepper, Peter},
  booktitle = {International Summer School on Program Construction},
  doi       = {10.1007/BFb0014674},
  isbn      = {978-3-540-09251-3},
  pages     = {322--405},
  publisher = {Springer Berlin Heidelberg},
  series    = {Lecture Notes in Computer Science},
  title     = {{A Study on Transformational Semantics}},
  url       = {http://dx.doi.org/10.1007/BFb0014674},
  volume    = {69},
  year      = {1979}
}

@inproceedings{persson2013characterizationMultiView-EMSOFT,
  address   = {Piscataway, NJ, USA},
  author    = {Persson, Magnus and T{\"{o}}rngren, Martin and Qamar, Ahsan and Westman, Jonas and Biehl, Matthias and Tripakis, Stavros and Vangheluwe, Hans and Denil, Joachim},
  booktitle = {Proceedings of the Eleventh ACM International Conference on Embedded Software},
  isbn      = {978-1-4799-1443-2},
  pages     = {10:1----10:10},
  publisher = {IEEE Press},
  series    = {EMSOFT '13},
  title     = {{A Characterization of Integrated Multi-view Modeling in the Context of Embedded and Cyber-physical Systems}},
  url       = {http://dl.acm.org/citation.cfm?id=2555754.2555764},
  year      = {2013}
}

@inproceedings{petrenko2008a,
  author    = {Petrenko, Maksym and Rajlich, V{\'{a}}clav and Vanciu, Radu},
  booktitle = {2008 16th IEEE International Conference on Program Comprehension},
  doi       = {10.1109/ICPC.2008.14},
  issn      = {1092-8138},
  pages     = {13--22},
  title     = {{Partial Domain Comprehension in Software Evolution and Maintenance}},
  year      = {2008}
}

@inproceedings{pilgrim2008a,
  address   = {Berlin, Heidelberg},
  author    = {von Pilgrim, Jens and Vanhooff, Bert and Schulz-Gerlach, Immo and Berbers, Yolande},
  booktitle = {Model Driven Architecture -- Foundations and Applications},
  doi       = {10.1007/978-3-540-69100-6_2},
  editor    = {Schieferdecker, Ina and Hartman, Alan},
  isbn      = {978-3-540-69100-6},
  pages     = {17--32},
  publisher = {Springer Berlin Heidelberg},
  title     = {{Constructing and Visualizing Transformation Chains}},
  year      = {2008}
}

@inproceedings{pilgrim2008constructingChains-ECMDA,
  address   = {Berlin, Heidelberg},
  author    = {von Pilgrim, Jens and Vanhooff, Bert and Schulz-Gerlach, Immo and Berbers, Yolande},
  booktitle = {Model Driven Architecture -- Foundations and Applications},
  doi       = {10.1007/978-3-540-69100-6_2},
  editor    = {Schieferdecker, Ina and Hartman, Alan},
  isbn      = {978-3-540-69100-6},
  pages     = {17--32},
  publisher = {Springer Berlin Heidelberg},
  title     = {{Constructing and Visualizing Transformation Chains}},
  year      = {2008}
}

@article{rahim2015SurveyTransformationVerification-SoSym,
  author    = {{Ab. Rahim}, Lukman and Whittle, Jon},
  doi       = {10.1007/s10270-013-0358-0},
  issn      = {16191374},
  journal   = {Software and Systems Modeling},
  keywords  = {Model transformations,Survey,Verification},
  number    = {2},
  pages     = {1003--1028},
  publisher = {Springer-Verlag},
  title     = {{A survey of approaches for verifying model transformations}},
  url       = {http://dx.doi.org/10.1007/s10270-013-0358-0},
  volume    = {14},
  year      = {2015}
}

@inproceedings{reder2012incrementalchecking,
  address   = {Berlin, Heidelberg},
  author    = {Reder, Alexander and Egyed, Alexander},
  booktitle = {Proceedings of the 15th International Conference on Model Driven Engineering Languages and Systems (MODELS 2012)},
  doi       = {10.1007/978-3-642-33666-9{\textunderscore }14},
  isbn      = {978-3-642-33665-2},
  pages     = {202--218},
  publisher = {Springer-Verlag},
  series    = {Lecture Notes in Computer Science},
  title     = {{Incremental Consistency Checking for Complex Design Rules and Larger Model Changes}},
  url       = {http://dx.doi.org/10.1007/978-3-642-33666-9{\_}14},
  volume    = {7590},
  year      = {2012}
}

@article{reder2012resolvingInconsistencies-ASE,
  address   = {New York, NY, USA},
  author    = {Reder, Alexander and Egyed, Alexander},
  doi       = {10.1145/2351676.2351707},
  isbn      = {9781450312042},
  journal   = {Proceedings of the 27th IEEE/ACM International Conference on Automated Software Engineering (ASE 2012)},
  pages     = {220--229},
  publisher = {ACM},
  title     = {{Computing Repair Trees for Resolving Inconsistencies in Design Models}},
  url       = {http://dl.acm.org/citation.cfm?doid=2351676.2351707},
  year      = {2012}
}

@article{reineke2019ProblemMultiView-SoSym,
  author  = {Reineke, Jan and Stergiou, Christos and Tripakis, Stavros},
  doi     = {10.1007/s10270-017-0638-1},
  issn    = {1619-1366},
  journal = {Software and Systems Modeling},
  number  = {3},
  pages   = {1577--1611},
  title   = {{Basic problems in multi-view modeling}},
  url     = {https://doi.org/10.1007/s10270-017-0638-1 http://link.springer.com/10.1007/s10270-017-0638-1},
  volume  = {18},
  year    = {2019}
}

@book{reussner2016a,
  author    = {Reussner, Ralf H. and Becker, Steffen and Happe, Jens and Heinrich, Robert and Koziolek, Anne and Koziolek, Heiko and Kramer, Max and Krogmann, Klaus},
  title     = {Modeling and Simulating Software Architectures -- The Palladio Approach},
  publisher = {MIT Press},
  year      = {2016},
  address   = {Cambridge, MA},
  isbn      = {9780262034760},
  pagetotal = {408},
  url       = {http://mitpress.mit.edu/books/modeling-and-simulating-software-architectures},
  tags      = {book}
}

@incollection{reussner2016b,
  author    = {Ralf H. Reussner and J\"{o}rg Henss and Max Kramer},
  title     = {Introduction},
  pages     = {3--15},
  chapter   = 1,
  booktitle = {Modeling and Simulating Software Architectures -- The Palladio Approach},
  publisher = {MIT Press},
  year      = {2016},
  editor    = {Reussner, Ralf H. and Becker, Steffen and Happe, Jens and Heinrich, Robert and Koziolek, Anne and Koziolek, Heiko and Kramer, Max and Krogmann, Klaus},
  address   = {Cambridge, MA},
  url       = {http://mitpress.mit.edu/books/modeling-and-simulating-software-architectures},
  tags      = {chapter}
}

@inproceedings{rubin2013fse,
  author    = {Rubin, Julia and Chechik, Marsha},
  booktitle = {Proceedings of the 2013 9th Joint Meeting on Foundations of Software Engineering - ESEC/FSE 2013},
  doi       = {10.1145/2491411.2491446},
  isbn      = {9781450322379},
  title     = {{N-way model merging}},
  year      = {2013}
}

@book{rumbaugh2005objectoriented-Book,
  author    = {Rumbaugh, James R and Blaha, Michael R},
  isbn      = {9780133002171},
  publisher = {Pearson Education},
  title     = {{Object-Oriented Modeling and Design with UML}},
  url       = {https://books.google.de/books?id=Aps9CgAAQBAJ},
  year      = {2005}
}

@inproceedings{sahay2020TransformationCompositionLowCode-Models,
  address   = {New York, NY, USA},
  author    = {Sahay, Apurvanand and {Di Ruscio}, Davide and Pierantonio, Alfonso},
  booktitle = {Proceedings of the 23rd ACM/IEEE International Conference on Model Driven Engineering Languages and Systems: Companion Proceedings},
  doi       = {10.1145/3417990.3420197},
  isbn      = {9781450381352},
  publisher = {Association for Computing Machinery},
  series    = {MODELS '20},
  title     = {{Understanding the Role of Model Transformation Compositions in Low-Code Development Platforms}},
  url       = {https://doi.org/10.1145/3417990.3420197},
  year      = {2020}
}

@inproceedings{salay2008macromodeling-ASE,
  author    = {Salay, R and Mylopoulos, J and Easterbrook, S},
  booktitle = {2008 23rd IEEE/ACM International Conference on Automated Software Engineering},
  doi       = {10.1109/ASE.2008.70},
  issn      = {1938-4300},
  pages     = {447--450},
  title     = {{Managing Models through Macromodeling}},
  year      = {2008}
}

@incollection{salay2009macromodels-CAiSE,
  address   = {Berlin, Heidelberg},
  author    = {Salay, Rick and Mylopoulos, John and Easterbrook, Steve},
  booktitle = {Advanced Information Systems Engineering: 21st International Conference, CAiSE 2009, Amsterdam, The Netherlands, June 8-12, 2009. Proceedings},
  doi       = {10.1007/978-3-642-02144-2_15},
  editor    = {van Eck, Pascal and Gordijn, Jaap and Wieringa, Roel},
  isbn      = {978-3-642-02144-2},
  pages     = {141--155},
  publisher = {Springer Berlin Heidelberg},
  title     = {{Using Macromodels to Manage Collections of Related Models}},
  url       = {http://dx.doi.org/10.1007/978-3-642-02144-2{\_}15},
  year      = {2009}
}

@incollection{salay2012macromodelingMethodoloy-MODELS,
  address   = {Berlin, Heidelberg},
  author    = {Salay, Rick and Wang, Shige and Suen, Vivien},
  booktitle = {Model Driven Engineering Languages and Systems: 15th International Conference, MODELS 2012, Innsbruck, Austria, September 30--October 5, 2012. Proceedings},
  doi       = {10.1007/978-3-642-33666-9_25},
  editor    = {France, Robert B and Kazmeier, J{\"{u}}rgen and Breu, Ruth and Atkinson, Colin},
  isbn      = {978-3-642-33666-9},
  pages     = {383--398},
  publisher = {Springer Berlin Heidelberg},
  title     = {{Managing Related Models in Vehicle Control Software Development}},
  url       = {http://dx.doi.org/10.1007/978-3-642-33666-9{\_}25},
  year      = {2012}
}

@inproceedings{salay2015megamodeling-MODELS,
  author    = {Salay, R and Kokaly, S and {Di Sandro}, A and Chechik, M},
  booktitle = {2015 ACM/IEEE 18th International Conference on Model Driven Engineering Languages and Systems (MODELS)},
  doi       = {10.1109/MODELS.2015.7338254},
  pages     = {236--245},
  title     = {{Enriching megamodel management with collection-based operators}},
  year      = {2015}
}

@article{salay2020megamodeling-SoSym,
  author    = {Salay, Rick and Kokaly, Sahar and {Di Sandro}, Alessio and Fung, Nick L.S. and Chechik, Marsha},
  doi       = {10.1007/s10270-019-00738-9},
  issn      = {16191374},
  journal   = {Software and Systems Modeling},
  number    = {1},
  pages     = {231--260},
  publisher = {Springer Berlin Heidelberg},
  title     = {{Heterogeneous megamodel management using collection operators}},
  url       = {https://doi.org/10.1007/s10270-019-00738-9},
  volume    = {19},
  year      = {2020}
}

@article{samidehkordi2018evlStrace-IST,
  author  = {Samimi-Dehkordi, Leila and Zamani, Bahman and Kolahdouz-Rahimi, Shekoufeh},
  doi     = {https://doi.org/10.1016/j.infsof.2018.03.011},
  issn    = {0950-5849},
  journal = {Information and Software Technology},
  pages   = {47--72},
  title   = {{EVL+Strace: a novel bidirectional model transformation approach}},
  url     = {http://www.sciencedirect.com/science/article/pii/S0950584917300629},
  volume  = {100},
  year    = {2018}
}

@inproceedings{samimi-dehkordi2015bidirectionalSynchronization-ICCKE,
  author    = {Samimi-Dehkordi, L and Zamani, B and Kolahdouz-Rahimi, S},
  booktitle = {2015 5th International Conference on Computer and Knowledge Engineering},
  series    = {ICCKE 2015},
  publisher = {IEEE},
  doi       = {10.1109/ICCKE.2015.7365871},
  pages     = {123--130},
  title     = {{From trace-based inter-model validation to bidirectional model synchronization with reconciliation}},
  year      = {2015}
}

@inproceedings{samimi-dehkordi2016iccke,
  author    = {Samimi-Dehkordi, L and Zamani, B and Kolahdouz-Rahimi, S},
  booktitle = {2016 6th International Conference on Computer and Knowledge Engineering},
  series    = {ICCKE 2016},
  publisher = {IEEE},
  doi       = {10.1109/ICCKE.2016.7802159},
  pages     = {314--320},
  title     = {{Bidirectional Model Transformation Approaches -- A Comparative Study}},
  year      = {2016}
}

@incollection{schuerr1995a,
  year      = {1995},
  isbn      = {978-3-540-59071-2},
  booktitle = {Graph-Theoretic Concepts in Computer Science},
  volume    = {903},
  series    = {Lecture Notes in Computer Science},
  editor    = {Mayr, Ernst W. and Schmidt, Gunther and Tinhofer, Gottfried},
  doi       = {10.1007/3-540-59071-4_45},
  title     = {Specification of graph translators with triple graph grammars},
  url       = {http://dx.doi.org/10.1007/3-540-59071-4_45},
  publisher = {Springer Berlin Heidelberg},
  author    = {SchÃ¼rr, Andy},
  pages     = {151-163}
}

@inproceedings{semerath2016backwardTransformation-MODELS,
  address   = {New York, NY, USA},
  author    = {Semer{\'{a}}th, Oszk{\'{a}}r and Debreceni, Csaba and Horv{\'{a}}th, {\'{A}}kos and Varr{\'{o}}, D{\'{a}}niel},
  booktitle = {Proceedings of the ACM/IEEE 19th International Conference on Model Driven Engineering Languages and Systems},
  doi       = {10.1145/2976767.2976788},
  isbn      = {978-1-4503-4321-3},
  pages     = {306--316},
  publisher = {ACM},
  series    = {MODELS '16},
  title     = {{Incremental Backward Change Propagation of View Models by Logic Solvers}},
  url       = {http://doi.acm.org/10.1145/2976767.2976788},
  year      = {2016}
}

@article{sendall2003modelTransformation-Software,
  author    = {Sendall, Shane and Kozaczynski, Wojtek},
  doi       = {10.1109/MS.2003.1231150},
  journal   = {IEEE Software},
  number    = {5},
  pages     = {42--45},
  publisher = {IEEE Computer Society},
  title     = {{Model transformation: the heart and soul of model-driven software development}},
  volume    = {20},
  year      = {2003}
}

@incollection{son2012Simulink-CAGGIE,
  author    = {Son, Hyun Seung and Kim, Woo Yeol and Kim, Robert YoungChul and Min, Hang-Gi},
  booktitle = {Computer Applications for Graphics, Grid Computing, and Industrial Environment},
  doi       = {10.1007/978-3-642-35600-1_8},
  editor    = {Kim, Tai-hoon and Cho, Hyun-seob and Gervasi, Osvaldo and Yau, Stephen S},
  isbn      = {978-3-642-35599-8},
  pages     = {56--60},
  publisher = {Springer Berlin Heidelberg},
  series    = {Communications in Computer and Information Science},
  title     = {{Metamodel Design for Model Transformation from Simulink to ECML in Cyber Physical Systems}},
  url       = {http://dx.doi.org/10.1007/978-3-642-35600-1{\_}8 http://link.springer.com/10.1007/978-3-642-35600-1{\_}8},
  volume    = {351},
  year      = {2012}
}

@book{stachowiak1973modelltheorie-Book,
  author    = {Stachowiak, Herbert},
  isbn      = {9783211811061},
  publisher = {Springer-Verlag},
  title     = {{Allgemeine Modelltheorie}},
  year      = {1973}
}

@book{stahl2006a,
  title     = {Model-Driven Software Development},
  publisher = {John Wiley \& Sons},
  year      = {2006},
  author    = {Thomas Stahl and Markus V\"{o}lter},
  asin      = {0470025700},
  isbn-10   = {9780470025703},
  isbn-13   = {978-0470025703}
}

@book{steinberg2009emf,
  author    = {Steinberg, David and Budinsky, Frank and Paternostro, Marcelo and Merks, Ed},
  edition   = {2},
  editor    = {Steinberg, David},
  isbn      = {978-0-321-33188-5},
  publisher = {Addison-Wesley Professional},
  title     = {{EMF - Eclipse Modeling Framework}},
  year      = {2009}
}

@incollection{stevens2008bxalgebraic-ICGT,
  address   = {Berlin, Heidelberg},
  author    = {Stevens, Perdita},
  booktitle = {Graph Transformations},
  doi       = {10.1007/978-3-540-87405-8_1},
  editor    = {Ehrig, Hartmut and Heckel, Reiko and Rozenberg, Grzegorz and Taentzer, Gabriele},
  isbn      = {978-3-540-87405-8},
  pages     = {1--17},
  publisher = {Springer Berlin Heidelberg},
  title     = {{Towards an Algebraic Theory of Bidirectional Transformations}},
  url       = {http://link.springer.com/10.1007/978-3-540-87405-8{\_}1},
  year      = {2008}
}

@incollection{stevens2008LandscapeBidirectionalTransformation-GTTSE,
  address   = {Berlin, Heidelberg},
  author    = {Stevens, Perdita},
  booktitle = {Generative and Transformational Techniques in Software Engineering II},
  doi       = {10.1007/978-3-540-88643-3_10},
  isbn      = {978-3-540-88643-3},
  pages     = {408--424},
  publisher = {Springer-Verlag},
  title     = {{A Landscape of Bidirectional Model Transformations}},
  url       = {http://dx.doi.org/10.1007/978-3-540-88643-3{\_}10},
  year      = {2008}
}

@article{stevens2010sosym,
  author    = {Stevens, Perdita},
  doi       = {10.1007/s10270-008-0109-9},
  issn      = {16191366},
  journal   = {Software and Systems Modeling},
  keywords  = {Bidirectional model transformation,Model-driven development,QVT,Semantics},
  number    = {1},
  pages     = {7--20},
  publisher = {Springer-Verlag},
  title     = {{Bidirectional model transformations in QVT: semantic issues and open questions}},
  volume    = {9},
  year      = {2010}
}

@article{stevens2012equivalences-EASST,
  annote  = {First International Workshop on Bidirectional Transformations (BX 2012)},
  author  = {Stevens, Perdita},
  doi     = {10.14279/tuj.eceasst.49.714},
  journal = {Electronic Communications of the EASST},
  title   = {{Observations relating to the equivalences induced on model sets by bidirectional transformations}},
  volume  = {49},
  year    = {2012},
  pages   = {1--16}
}

@inproceedings{stevens2014Partial-FASE,
  address   = {Berlin, Heidelberg},
  author    = {Stevens, Perdita},
  booktitle = {Fundamental Approaches to Software Engineering},
  doi       = {10.1007/978-3-642-54804-8_3},
  editor    = {Gnesi, Stefania and Rensink, Arend},
  isbn      = {978-3-642-54804-8},
  pages     = {32--46},
  publisher = {Springer Berlin Heidelberg},
  title     = {{Bidirectionally Tolerating Inconsistency: Partial Transformations}},
  url       = {http://link.springer.com/10.1007/978-3-642-54804-8{\_}3},
  year      = {2014}
}

@inproceedings{stevens2018bidirectionality-ECMFA,
  address   = {Cham},
  author    = {Stevens, Perdita},
  booktitle = {Modelling Foundations and Applications},
  editor    = {Pierantonio, Alfonso and Trujillo, Salvador},
  isbn      = {978-3-319-92997-2},
  pages     = {1--11},
  publisher = {Springer International Publishing},
  title     = {{Is Bidirectionality Important?}},
  year      = {2018}
}

@article{stevens2020BidirectionalTransformationLarge-SoSym,
  author  = {Stevens, Perdita},
  doi     = {10.1007/s10270-019-00736-x},
  issn    = {1619-1366},
  journal = {Software and Systems Modeling},
  number  = {1},
  pages   = {39--65},
  title   = {{Maintaining consistency in networks of models: bidirectional transformations in the large}},
  url     = {https://doi.org/10.1007/s10270-019-00736-x http://link.springer.com/10.1007/s10270-019-00736-x},
  volume  = {19},
  year    = {2020}
}

@article{stevens2020BuildingFromMegamodels-SoSym,
  author    = {Stevens, Perdita},
  doi       = {10.1007/s10270-020-00788-4},
  issn      = {1619-1374},
  number    = {4},
  volume    = {19},
  pages     = {935--958},
  journal   = {Software and Systems Modeling},
  keywords  = {Bidirectionality,Build system,Megamodel,Model transformation,Orientation model},
  publisher = {Springer Berlin Heidelberg},
  title     = {{Connecting software build with maintaining consistency between models: towards sound, optimal, and flexible building from megamodels}},
  url       = {https://doi.org/10.1007/s10270-020-00788-4},
  year      = {2020}
}

@techreport{strittmatter2016a,
  title       = {The Media Store 3 Case Study System},
  author      = {Strittmatter, Misha and Kechaou, Amine},
  institution = {Faculty of Informatics, Karlsruhe Institute of Technology},
  year        = {2016},
  series      = {Karlsruhe Reports in Informatics},
  number      = {2016,1},
  issn        = {2190-4782},
  urn         = {urn:nbn:de:swb:90-521979},
  url         = {http://digbib.ubka.uni-karlsruhe.de/volltexte/documents/3792054},
  doi         = {10.5445/IR/1000052197}
}

@inproceedings{stunkel2018MultimodelCorrespondence-ICPS,
  address   = {New York, NY, USA},
  author    = {St{\"{u}}nkel, Patrick and K{\"{o}}nig, Harald and Lamo, Yngve and Rutle, Adrian},
  booktitle = {Conference Companion of the 2Nd International Conference on Art, Science, and Engineering of Programming},
  doi       = {10.1145/3191697.3191715},
  isbn      = {978-1-4503-5513-1},
  keywords  = {Bidirectional Transformations,Inter-Model Constraints,Modeling Languages},
  pages     = {9--17},
  publisher = {ACM},
  series    = {Programming'18 Companion},
  title     = {{Multimodel Correspondence Through Inter-model Constraints}},
  url       = {http://doi.acm.org/10.1145/3191697.3191715},
  year      = {2018}
}

@inproceedings{stunkel2020MultipleModelSynchronization-FASE,
  address   = {Cham},
  author    = {St{\"{u}}nkel, Patrick and K{\"{o}}nig, Harald and Lamo, Yngve and Rutle, Adrian},
  booktitle = {Fundamental Approaches to Software Engineering},
  doi       = {10.1007/978-3-030-45234-6_17},
  editor    = {Wehrheim, Heike and Cabot, Jordi},
  isbn      = {978-3-030-45234-6},
  pages     = {335--356},
  publisher = {Springer International Publishing},
  title     = {{Towards Multiple Model Synchronization with Comprehensive Systems}},
  year      = {2020}
}

@inproceedings{szabo2013traceabilityConsistency-ASWEC,
  author    = {Szabo, Claudia and Chen, Yufei},
  booktitle = {Proceedings of the 22nd Australasian Software Engineering Conference (ASWEC 2013)},
  doi       = {10.1109/ASWEC.2013.24},
  issn      = {1530-0803},
  pages     = {127--136},
  publisher = {IEEE},
  title     = {{A Model-Driven Approach for Ensuring Change Traceability and Multi-Model Consistency}},
  year      = {2013}
}

@article{tarjan1972depth,
  title     = {Depth-first search and linear graph algorithms},
  author    = {Tarjan, Robert},
  journal   = {SIAM journal on computing},
  volume    = {1},
  number    = {2},
  pages     = {146--160},
  year      = {1972},
  publisher = {SIAM}
}

@inproceedings{tarr1999Tyranny-ICSE,
  author    = {Tarr, P and Ossher, H and Harrison, W and Sutton, S M},
  booktitle = {Proceedings of the 1999 International Conference on Software Engineering},
  issn      = {0270-5257},
  pages     = {107--119},
  title     = {{N degrees of separation: multi-dimensional separation of concerns}},
  year      = {1999}
}

@inproceedings{tehrani2016requirementsTransformations-ICMT,
  address   = {Cham},
  author    = {Tehrani, Sobhan Yassipour and Zschaler, Steffen and Lano, Kevin},
  booktitle = {Proceedings of the 9th International Conference on Theory and Practice of Model Transformations - Volume 9765},
  doi       = {10.1007/978-3-319-42064-6_9},
  editor    = {{Van Gorp}, Pieter and Engels, Gregor},
  isbn      = {978-3-319-42064-6},
  pages     = {123--137},
  publisher = {Springer International Publishing},
  title     = {{Requirements Engineering in Model-Transformation Development: An Interview-Based Study}},
  url       = {https://doi.org/10.1007/978-3-319-42064-6{\_}9},
  year      = {2016}
}

@inproceedings{troels2019liveconsistency-SAC,
  address   = {New York, NY, USA},
  author    = {Tr{\"{o}}ls, Michael Alexander and Mashkoor, Atif and Egyed, Alexander},
  booktitle = {Proceedings of the 34th ACM/SIGAPP Symposium on Applied Computing},
  doi       = {10.1145/3297280.3297454},
  isbn      = {9781450359337},
  pages     = {1776--1785},
  publisher = {Association for Computing Machinery},
  series    = {SAC '19},
  title     = {{Live and Global Consistency Checking in a Collaborative Engineering Environment}},
  url       = {https://doi.org/10.1145/3297280.3297454},
  year      = {2019}
}

@inproceedings{trollmann2015TransformationTGGtoMultiModel-ICMT,
  address   = {Cham},
  author    = {Trollmann, Frank and Albayrak, Sahin},
  booktitle = {Theory and Practice of Model Transformations},
  doi       = {10.1007/978-3-319-21155-8_16},
  editor    = {Kolovos, Dimitris and Wimmer, Manuel},
  isbn      = {978-3-319-21155-8},
  pages     = {214--229},
  publisher = {Springer International Publishing},
  title     = {{Extending Model to Model Transformation Results from Triple Graph Grammars to Multiple Models}},
  url       = {http://dx.doi.org/10.1007/978-3-319-21155-8{\_}16},
  year      = {2015}
}

@inproceedings{trollmann2016SynchronizationTGGtoMultiModel-ICMT,
  address   = {Cham},
  author    = {Trollmann, Frank and Albayrak, Sahin},
  booktitle = {Theory and Practice of Model Transformations},
  doi       = {10.1007/978-3-319-42064-6_7},
  editor    = {{Van Gorp}, Pieter and Engels, Gregor},
  isbn      = {978-3-319-42064-6},
  keywords  = {multi-model},
  pages     = {91--106},
  publisher = {Springer International Publishing},
  title     = {{Extending Model Synchronization Results from Triple Graph Grammars to Multiple Models}},
  url       = {http://dx.doi.org/10.1007/978-3-319-42064-6{\_}7},
  year      = {2016}
}

@article{troy2018inferenceTransformations-JSS,
  address   = {USA},
  author    = {Troya, Javier and Segura, Sergio and Ruiz-Corts, Antonio},
  doi       = {10.1016/j.jss.2017.05.043},
  issn      = {0164-1212},
  journal   = {Journal of Systems and Software},
  number    = {C},
  pages     = {188--208},
  publisher = {Elsevier Science Inc.},
  title     = {{Automated Inference of Likely Metamorphic Relations for Model Transformations}},
  url       = {https://doi.org/10.1016/j.jss.2017.05.043},
  volume    = {136},
  year      = {2018}
}

@inproceedings{troya2015imutationTestingTransformations-ICSTW,
  author    = {Troya, Javier and Bergmayr, Alexander and Burgue{\~{n}}o, Loli and Wimmer, Manuel},
  booktitle = {2015 IEEE Eighth International Conference on Software Testing, Verification and Validation Workshops (ICSTW)},
  doi       = {10.1109/ICSTW.2015.7107455},
  pages     = {1--10},
  title     = {{Towards systematic mutations for and with ATL model transformations}},
  year      = {2015}
}

@incollection{vallecillo2012FormalTesting-FMMDE,
  address   = {Berlin, Heidelberg},
  author    = {Vallecillo, Antonio and Gogolla, Martin and Burgue{\~{n}}o, Loli and Wimmer, Manuel and Hamann, Lars},
  booktitle = {Formal Methods for Model-Driven Engineering: 12th International School on Formal Methods for the Design of Computer, Communication, and Software Systems, SFM 2012, Bertinoro, Italy, June 18-23, 2012. Advanced Lectures},
  doi       = {10.1007/978-3-642-30982-3_11},
  editor    = {Bernardo, Marco and Cortellessa, Vittorio and Pierantonio, Alfonso},
  isbn      = {978-3-642-30982-3},
  pages     = {399--437},
  publisher = {Springer Berlin Heidelberg},
  title     = {{Formal Specification and Testing of Model Transformations}},
  url       = {http://dx.doi.org/10.1007/978-3-642-30982-3{\_}11},
  year      = {2012}
}

@inproceedings{vangheluwe2002mpm-AIS,
  author    = {Vangheluwe, Hans},
  booktitle = {Proceedings of the AIS'2002 Conference 9â20 (2002). 35},
  publisher = {Press},
  title     = {{An introduction to multiparadigm modelling and simulation}},
  year      = {2002}
}

@inproceedings{vangheluwe2003mpm-WSC,
  author    = {Vangheluwe, Hans and de Lara, Juan},
  booktitle = {Proceedings of the 2003 Winter Simulation Conference, 2003.},
  doi       = {10.1109/WSC.2003.1261474},
  pages     = {595--603 Vol.1},
  title     = {{Computer automated multi-paradigm modelling: meta-modelling and graph transformation}},
  volume    = {1},
  year      = {2003}
}

@inproceedings{vanhooff2006a,
  address   = {Berlin, Heidelberg},
  author    = {Vanhooff, Bert and {Van Baelen}, Stefan and Hovsepyan, Aram and Joosen, Wouter and Berbers, Yolande},
  booktitle = {Embedded Computer Systems: Architectures, Modeling, and Simulation},
  editor    = {Vassiliadis, Stamatis and Wong, Stephan and H{\"{a}}m{\"{a}}l{\"{a}}inen, Timo D},
  isbn      = {978-3-540-36411-5},
  pages     = {39--48},
  publisher = {Springer Berlin Heidelberg},
  title     = {{Towards a Transformation Chain Modeling Language}},
  year      = {2006}
}

@inproceedings{vanhooff2007UniTI-MODELS,
  address   = {Berlin, Heidelberg},
  author    = {Vanhooff, Bert and Ayed, Dhouha and {Van Baelen}, Stefan and Joosen, Wouter and Berbers, Yolande},
  booktitle = {Model Driven Engineering Languages and Systems},
  editor    = {Engels, Gregor and Opdyke, Bill and Schmidt, Douglas C and Weil, Frank},
  isbn      = {978-3-540-75209-7},
  pages     = {31--45},
  publisher = {Springer Berlin Heidelberg},
  title     = {{UniTI: A Unified Transformation Infrastructure}},
  year      = {2007}
}

@article{varro2016viatra-SoSym,
  author  = {Varr{\'{o}}, D{\'{a}}niel and Bergmann, G{\'{a}}bor and Heged{\"{u}}s, {\'{A}}bel and Horv{\'{a}}th, {\'{A}}kos and R{\'{a}}th, Istv{\'{a}}n and Ujhelyi, Zolt{\'{a}}n},
  doi     = {10.1007/s10270-016-0530-4},
  issn    = {16191374},
  journal = {Software and Systems Modeling},
  number  = {3},
  title   = {{Road to a reactive and incremental model transformation platform: three generations of the VIATRA framework}},
  volume  = {15},
  year    = {2016}
}

@article{veanes2012transducers,
  author     = {Veanes, Margus and Hooimeijer, Pieter and Livshits, Benjamin and Molnar, David and Bjorner, Nikolaj},
  title      = {Symbolic Finite State Transducers: Algorithms and Applications},
  year       = {2012},
  issue_date = {January 2012},
  publisher  = {Association for Computing Machinery},
  address    = {New York, NY, USA},
  volume     = {47},
  number     = {1},
  issn       = {0362-1340},
  url        = {https://doi.org/10.1145/2103621.2103674},
  doi        = {10.1145/2103621.2103674},
  journal    = {SIGPLAN Not.},
  pages      = {137â150},
  numpages   = {14}
}

@book{voelter2013DslEngineering,
  author    = {V{\"{o}}lter, Markus and Benz, Sebastian and Dietrich, Christian and Engelmann, Birgit and Helander, Mats and Kats, Lennart C L and Visser, Eelco and Wachsmuth, Guido},
  isbn      = {978-1-4812-1858-0},
  publisher = {dslbook.org},
  title     = {{DSL Engineering - Designing, Implementing and Using Domain-Specific Languages}},
  url       = {http://www.dslbook.org},
  year      = {2013}
}

@book{voelter2013mdsd-Book,
  author    = {V{\"{o}}lter, M and Stahl, T and Bettin, J and Haase, A and Helsen, S and Czarnecki, K and von Stockfleth, B},
  isbn      = {9781118725764},
  publisher = {Wiley},
  series    = {Wiley Software Patterns Series},
  title     = {{Model-Driven Software Development: Technology, Engineering, Management}},
  url       = {https://books.google.de/books?id=9ww{\_}D9fAKncC},
  year      = {2013}
}

@inproceedings{wagelaar2008a,
  address   = {Berlin, Heidelberg},
  author    = {Wagelaar, Dennis},
  booktitle = {Theory and Practice of Model Transformations},
  editor    = {Vallecillo, Antonio and Gray, Jeff and Pierantonio, Alfonso},
  isbn      = {978-3-540-69927-9},
  pages     = {152--167},
  publisher = {Springer Berlin Heidelberg},
  title     = {{Composition Techniques for Rule-Based Model Transformation Languages}},
  year      = {2008}
}

@article{wagelaar2010a,
  author  = {Wagelaar, Dennis and {Van Der Straeten}, Ragnhild and Deridder, Dirk},
  doi     = {10.1007/s10270-009-0134-3},
  issn    = {1619-1374},
  journal = {Software and Systems Modeling},
  number  = {3},
  pages   = {285--309},
  title   = {{Module superimposition: a composition technique for rule-based model transformation languages}},
  url     = {https://doi.org/10.1007/s10270-009-0134-3},
  volume  = {9},
  year    = {2010}
}

@inproceedings{wagelaar2011a,
  address   = {Berlin, Heidelberg},
  author    = {Wagelaar, Dennis and Tisi, Massimo and Cabot, Jordi and Jouault, Fr{\'{e}}d{\'{e}}ric},
  booktitle = {Model Driven Engineering Languages and Systems},
  editor    = {Whittle, Jon and Clark, Tony and K{\"{u}}hne, Thomas},
  isbn      = {978-3-642-24485-8},
  pages     = {623--637},
  publisher = {Springer Berlin Heidelberg},
  title     = {{Towards a General Composition Semantics for Rule-Based Model Transformation}},
  year      = {2011}
}

@inproceedings{weidmann2019TGGandILP-SLE,
  address   = {New York, NY, USA},
  author    = {Weidmann, Nils and Anjorin, Anthony and Leblebici, Erhan and Sch{\"{u}}rr, Andy},
  booktitle = {Proceedings of the 12th ACM SIGPLAN International Conference on Software Language Engineering},
  doi       = {10.1145/3357766.3359544},
  isbn      = {978-1-4503-6981-7},
  pages     = {29--41},
  publisher = {ACM},
  series    = {SLE 2019},
  title     = {{Consistency Management via a Combination of Triple Graph Grammars and Linear Programming}},
  url       = {http://doi.acm.org/10.1145/3357766.3359544},
  year      = {2019}
}

@inproceedings{weidmann2020ApplyingBidirectionalTransformations-WSRE,
  author = {Weidmann, N and Sauer, Stefan},
  title  = {{Applying Bidirectional Transformations in Industrial Contexts: Challenges and Solutions}},
  year   = {2020}
}

@inproceedings{weidmann2020ConcurrentSynchronization-SLE,
  address   = {New York, NY, USA},
  author    = {Weidmann, Nils and Fritsche, Lars and Anjorin, Anthony},
  booktitle = {Proceedings of the 13th ACM SIGPLAN International Conference on Software Language Engineering},
  doi       = {10.1145/3426425.3426932},
  isbn      = {9781450381765},
  pages     = {56--71},
  publisher = {Association for Computing Machinery},
  series    = {SLE 2020},
  title     = {{A Search-Based and Fault-Tolerant Approach to Concurrent Model Synchronisation}},
  url       = {https://doi.org/10.1145/3426425.3426932},
  year      = {2020}
}

@inproceedings{weidmann2020TGGsAndILPSchemaCompliance-FASE,
  address   = {Cham},
  author    = {Weidmann, Nils and Anjorin, Anthony},
  booktitle = {Fundamental Approaches to Software Engineering},
  doi       = {10.1007/978-3-030-45234-6_16},
  editor    = {Wehrheim, Heike and Cabot, Jordi},
  isbn      = {978-3-030-45234-6},
  pages     = {315--334},
  publisher = {Springer International Publishing},
  title     = {{Schema Compliant Consistency Management via Triple Graph Grammars and Integer Linear Programming}},
  url       = {http://link.springer.com/10.1007/978-3-030-45234-6{\_}16},
  year      = {2020}
}

@phdthesis{werle2016a,
  author  = {Werle, Dominik},
  school  = {Karlsruhe Institute of Technology (KIT)},
  address = {Karlsruhe},
  year    = {2016},
  type    = {Master's Thesis},
  title   = {{A Declarative Language for Bidirectional Model Consistency}},
  year    = {2016}
}

@inproceedings{werner2018rsum-MRT,
  author    = {Werner, Christopher and Assmann, Uwe},
  booktitle = {Proceedings of MODELS 2018 Workshops, co-located with ACM/IEEE 21st International Conference on Model Driven Engineering Languages},
  pages     = {62--71},
  publisher = {CEUR-WS.org},
  title     = {{Model Synchronization with the Role-oriented Single Underlying Model}},
  url       = {http://ceur-ws.org/Vol-2245/mrt{\_}paper{\_}3.pdf},
  year      = {2018}
}

@inproceedings{werner2018rsum-SEAA,
  author    = {Werner, Christopher and Sch{\"{o}}n, Handrik and K{\"{u}}hn, Thomas and G{\"{o}}tz, Ssebastian and A{\ss}mann, Uwe},
  booktitle = {2018 44th Euromicro Conference on Software Engineering and Advanced Applications (SEAA)},
  doi       = {10.1109/SEAA.2018.00057},
  pages     = {306--313},
  title     = {{Role-Based Runtime Model Synchronization}},
  year      = {2018}
}

@book{wohlin2012validity-Book,
  author    = {Wohlin, Claes and Runeson, Per and Hst, Martin and Ohlsson, Magnus C and Regnell, Bjrn and Wessln, Anders},
  doi       = {10.5555/2349018},
  isbn      = {978-3-642-29043-5},
  publisher = {Springer Publishing Company, Incorporated},
  title     = {{Experimentation in Software Engineering}},
  year      = {2012}
}

@inproceedings{xiong2007a,
  author    = {Xiong, Yingfei and Liu, Dongxi and Hu, Zhenjiang and Zhao, Haiyan and Takeichi, Masato and Mei, Hong},
  title     = {{Towards Automatic Model Synchronization from Model Transformations}},
  booktitle = {Proceedings of the twenty-second IEEE/ACM international conference on Automated software engineering},
  series    = {ASE '07},
  year      = {2007},
  isbn      = {978-1-59593-882-4},
  location  = {Atlanta, Georgia, USA},
  pages     = {164--173},
  numpages  = {10},
  publisher = {ACM},
  address   = {New York, NY, USA}
}

@inproceedings{xiong2007backwardTransformation-ASE,
  address   = {New York, New York, USA},
  author    = {Xiong, Yingfei and Liu, Dongxi and Hu, Zhenjiang and Zhao, Haiyan and Takeichi, Masato and Mei, Hong},
  booktitle = {Proceedings of the twenty-second IEEE/ACM international conference on Automated software engineering - ASE '07},
  doi       = {10.1145/1321631.1321657},
  isbn      = {9781595938824},
  pages     = {164},
  publisher = {ACM Press},
  title     = {{Towards automatic model synchronization from model transformations}},
  url       = {http://portal.acm.org/citation.cfm?doid=1321631.1321657},
  year      = {2007}
}

@incollection{xiong2009parallelUpdates-ICMT,
  address   = {Berlin, Heidelberg},
  author    = {Xiong, Yingfei and Song, Hui and Hu, Zhenjiang and Takeichi, Masato},
  booktitle = {Theory and Practice of Model Transformations},
  doi       = {10.1007/978-3-642-02408-5_15},
  editor    = {Paige, Richard F},
  isbn      = {978-3-642-02408-5},
  pages     = {213--228},
  publisher = {Springer Berlin Heidelberg},
  title     = {{Supporting Parallel Updates with Bidirectional Model Transformations}},
  url       = {http://link.springer.com/10.1007/978-3-642-02408-5{\_}15},
  year      = {2009}
}

@article{xiong2013SynchronizingConcurrentUpdates-SoSym,
  author  = {Xiong, Yingfei and Song, Hui and Hu, Zhenjiang and Takeichi, Masato},
  doi     = {10.1007/s10270-010-0187-3},
  issn    = {1619-1374},
  journal = {Software and Systems Modeling},
  number  = {1},
  pages   = {89--104},
  title   = {{Synchronizing concurrent model updates based on bidirectional transformation}},
  url     = {http://link.springer.com/10.1007/s10270-010-0187-3},
  volume  = {12},
  year    = {2013}
}

@inproceedings{yie2009a,
  address   = {Berlin, Heidelberg},
  author    = {Yie, Andr{\'{e}}s and Casallas, Rubby and Wagelaar, Dennis and Deridder, Dirk},
  booktitle = {Model Driven Engineering Languages and Systems},
  editor    = {Sch{\"{u}}rr, Andy and Selic, Bran},
  isbn      = {978-3-642-04425-0},
  pages     = {551--555},
  publisher = {Springer Berlin Heidelberg},
  title     = {{An Approach for Evolving Transformation Chains}},
  year      = {2009}
}

@article{yie2012a,
  author  = {Yie, Andr{\'{e}}s and Casallas, Rubby and Deridder, Dirk and Wagelaar, Dennis},
  doi     = {10.1007/s10270-010-0179-3},
  issn    = {1619-1374},
  journal = {Software and Systems Modeling},
  number  = {1},
  pages   = {55--75},
  title   = {{Realizing Model Transformation Chain interoperability}},
  url     = {https://doi.org/10.1007/s10270-010-0179-3},
  volume  = {11},
  year    = {2012}
}

@inproceedings{Yu2002FaultPrediction-ECSMR,
  address   = {Washington, DC, USA},
  author    = {{Ping Yu} and Systa, T. and Muller, H.},
  booktitle = {Proceedings of the Sixth European Conference on Software Maintenance and Reengineering},
  doi       = {10.1109/CSMR.2002.995794},
  isbn      = {0-7695-1438-3},
  pages     = {99--107},
  publisher = {IEEE Computer Society},
  series    = {CSMR 2002},
  title     = {{Predicting fault-proneness using OO metrics. An industrial case study}},
  url       = {http://ieeexplore.ieee.org/document/995794/},
  year      = {2002}
}

@inproceedings{z32008,
  author    = {de Moura, Leonardo and Bj{\o}rner, Nikolaj},
  editor    = {Ramakrishnan, C. R. confiand Rehof, Jakob},
  title     = {Z3: An Efficient SMT Solver},
  booktitle = {Tools and Algorithms for the Construction and Analysis of Systems},
  year      = {2008},
  publisher = {Springer Berlin Heidelberg},
  address   = {Berlin, Heidelberg},
  pages     = {337--340},
  isbn      = {978-3-540-78800-3}
}
