@book{mof,
  author = {{Object Management Group (OMG)}},
  title  = {{OMG Meta Object Facility (MOF) Core Specification}},
  year   = {2016},
  month  = Oct,
  url    = {http://www.omg.org/spec/MOF/2.5.1/},
  note   = {Version 2.5.1}
}

@book{qvt,
  author = {{Object Management Group (OMG)}},
  title  = {{Meta Object Facility (MOF) 2.0 Query/View/Transformation Specification}},
  month  = Jun,
  year   = {2016},
  url    = {http://www.omg.org/spec/QVT/1.3/},
  note   = {Version 1.3}
}

@book{ocl,
  author = {{Object Management Group (OMG)}},
  title  = {{Object Constraint Language}},
  month  = Feb,
  year   = {2014},
  url    = {http://www.omg.org/spec/OCL/2.4/},
  note   = {Version 2.4}
}

@book{sysml,
  author = {{Object Management Group (OMG)}},
  title  = {{OMG System Modeling Language (OMG SysML)}},
  month  = Dec,
  year   = {2019},
  url    = {https://www.omg.org/spec/SysML/1.6/},
  note   = {Version 1.6}
}

@book{uml,
  author = {{Object Management Group (OMG)}},
  title  = {{OMG Unified Modeling Language (OMG UML)}},
  month  = Dec,
  year   = {2017},
  url    = {https://www.omg.org/spec/UML/2.5.1/},
  note   = {Version 2.5.1}
}

@book{mda,
  author = {{Object Management Group (OMG)}},
  title  = {{Model Driven Architecture (MDA) -- MDA Guide rev. 2.0}},
  month  = Jun,
  year   = {2014},
  url    = {https://www.omg.org/cgi-bin/doc?ormsc/14-06-01.pdf}
}

@book{iso25051,
  author = {{International Standardization Organisation (ISO)}},
  title  = {{ISO/IEC 25051:2014 -- Software engineering - Systems and software Quality Requirements and Evaluation (SQuaRE) - Requirements for quality of Ready to Use Software Product (RUSP) and instructions for testing}},
  month  = feb,
  year   = {2014}
}

@book{iso25010,
  author = {{International Standardization Organisation (ISO)}},
  title  = {{ISO/IEC 25010:2011 -- Systems and software engineering -- Systems and software Quality Requirements and Evaluation (SQuaRE) â€” System and software quality models}},
  month  = mar,
  year   = {2011}
}

@book{iso42010,
  author = {{International Standarization Organisation (ISO)}},
  title={{ISO/IEC/IEEE 42010:2011(E) -- Systems and software engineering -- Architecture description}},
  year={2011},
  pages={1-46},
  doi={10.1109/IEEESTD.2011.6129467},
}

@techreport{smtlib2017,
  author      = {Clark Barrett and Pascal Fontaine and Cesare Tinelli},
  title       = {{The SMT-LIB Standard: Version 2.6}},
  institution = {Department of Computer Science, The University of Iowa},
  year        = 2017,
  utl         = {www.SMT-LIB.org}
}

@online{OpenAPI,
  author  = {{The Linux Foundation}},
  title   = {{OpenAPI Initiative}},
  year    = 2020,
  url     = {https://www.openapis.org/},
  urldate = {2020-05-20}
}

@online{EclipseJDT,
  author  = {{Eclipse Foundation, Inc.}},
  title   = {{Eclipse Java development tools (JDT)}},
  year    = 2020,
  url     = {https://www.eclipse.org/jdt/},
  urldate = {2020-06-08}
}
